;; -*- mode: org; mode: beancount; -*-
;; Birth: 1980-05-12
;; Dates: 2021-01-01 - 2023-04-13
;; THIS FILE HAS BEEN AUTO-GENERATED.
* Options

option "title" "Example Beancount file"
option "operating_currency" "USD"




* Commodities


1792-01-01 commodity USD
  export: "CASH"
  name: "US Dollar"

1900-01-01 commodity VMMXX
  export: "MUTF:VMMXX (MONEY:USD)"

1980-05-12 commodity VACHR
  export: "IGNORE"
  name: "Employer Vacation Hours"

1980-05-12 commodity IRAUSD
  export: "IGNORE"
  name: "US 401k and IRA Contributions"

1995-09-18 commodity VBMPX
  export: "MUTF:VBMPX"
  name: "Vanguard Total Bond Market Index Fund Institutional Plus Shares"
  price: "USD:google/MUTF:VBMPX"

2004-01-20 commodity ITOT
  export: "NYSEARCA:ITOT"
  name: "iShares Core S&P Total U.S. Stock Market ETF"
  price: "USD:google/NYSEARCA:ITOT"

2004-01-26 commodity VHT
  export: "NYSEARCA:VHT"
  name: "Vanguard Health Care ETF"
  price: "USD:google/NYSEARCA:VHT"

2004-11-01 commodity GLD
  export: "NYSEARCA:GLD"
  name: "SPDR Gold Trust (ETF)"
  price: "USD:google/NYSEARCA:GLD"

2007-07-20 commodity VEA
  export: "NYSEARCA:VEA"
  name: "Vanguard FTSE Developed Markets ETF"
  price: "USD:google/NYSEARCA:VEA"

2009-05-01 commodity RGAGX
  export: "MUTF:RGAGX"
  name: "American Funds The Growth Fund of America Class R-6"
  price: "USD:google/MUTF:RGAGX"



* Equity Accounts

1980-05-12 open Equity:Opening-Balances
1980-05-12 open Liabilities:AccountsPayable



* Banking

2021-01-01 open Assets:US:BofA
  address: "123 America Street, LargeTown, USA"
  institution: "Bank of America"
  phone: "+1.012.345.6789"
2021-01-01 open Assets:US:BofA:Checking                        USD
  account: "00234-48574897"

2021-01-01 * "Opening Balance for checking account"
  Assets:US:BofA:Checking                         4669.90 USD
  Equity:Opening-Balances                        -4669.90 USD

2021-01-02 balance Assets:US:BofA:Checking        4669.90 USD

2021-01-04 * "BANK FEES" "Monthly bank fee"
  Assets:US:BofA:Checking                           -4.00 USD
  Expenses:Financial:Fees                            4.00 USD

2021-01-04 * "RiverBank Properties" "Paying the rent"
  Assets:US:BofA:Checking                        -2400.00 USD
  Expenses:Home:Rent                              2400.00 USD

2021-01-09 * "EDISON POWER" ""
  Assets:US:BofA:Checking                          -65.00 USD
  Expenses:Home:Electricity                         65.00 USD

2021-01-19 * "Verizon Wireless" ""
  Assets:US:BofA:Checking                          -69.38 USD
  Expenses:Home:Phone                               69.38 USD

2021-01-23 * "Wine-Tarner Cable" ""
  Assets:US:BofA:Checking                          -80.09 USD
  Expenses:Home:Internet                            80.09 USD

2021-01-25 balance Assets:US:BofA:Checking        4572.88 USD

2021-02-04 * "BANK FEES" "Monthly bank fee"
  Assets:US:BofA:Checking                           -4.00 USD
  Expenses:Financial:Fees                            4.00 USD

2021-02-04 * "RiverBank Properties" "Paying the rent"
  Assets:US:BofA:Checking                        -2400.00 USD
  Expenses:Home:Rent                              2400.00 USD

2021-02-08 * "EDISON POWER" ""
  Assets:US:BofA:Checking                          -65.00 USD
  Expenses:Home:Electricity                         65.00 USD

2021-02-17 balance Assets:US:BofA:Checking        2977.13 USD

2021-02-18 * "Verizon Wireless" ""
  Assets:US:BofA:Checking                          -52.82 USD
  Expenses:Home:Phone                               52.82 USD

2021-02-21 * "Wine-Tarner Cable" ""
  Assets:US:BofA:Checking                          -79.81 USD
  Expenses:Home:Internet                            79.81 USD

2021-03-04 * "BANK FEES" "Monthly bank fee"
  Assets:US:BofA:Checking                           -4.00 USD
  Expenses:Financial:Fees                            4.00 USD

2021-03-06 * "RiverBank Properties" "Paying the rent"
  Assets:US:BofA:Checking                        -2400.00 USD
  Expenses:Home:Rent                              2400.00 USD

2021-03-08 * "EDISON POWER" ""
  Assets:US:BofA:Checking                          -65.00 USD
  Expenses:Home:Electricity                         65.00 USD

2021-03-18 balance Assets:US:BofA:Checking        2457.85 USD

2021-03-19 * "Verizon Wireless" ""
  Assets:US:BofA:Checking                          -59.31 USD
  Expenses:Home:Phone                               59.31 USD

2021-03-21 * "Wine-Tarner Cable" ""
  Assets:US:BofA:Checking                          -80.09 USD
  Expenses:Home:Internet                            80.09 USD

2021-04-03 * "RiverBank Properties" "Paying the rent"
  Assets:US:BofA:Checking                        -2400.00 USD
  Expenses:Home:Rent                              2400.00 USD

2021-04-04 * "BANK FEES" "Monthly bank fee"
  Assets:US:BofA:Checking                           -4.00 USD
  Expenses:Financial:Fees                            4.00 USD

2021-04-08 * "EDISON POWER" ""
  Assets:US:BofA:Checking                          -65.00 USD
  Expenses:Home:Electricity                         65.00 USD

2021-04-12 balance Assets:US:BofA:Checking        1736.21 USD

2021-04-19 * "Verizon Wireless" ""
  Assets:US:BofA:Checking                          -59.49 USD
  Expenses:Home:Phone                               59.49 USD

2021-04-21 * "Wine-Tarner Cable" ""
  Assets:US:BofA:Checking                          -79.92 USD
  Expenses:Home:Internet                            79.92 USD

2021-05-04 * "BANK FEES" "Monthly bank fee"
  Assets:US:BofA:Checking                           -4.00 USD
  Expenses:Financial:Fees                            4.00 USD

2021-05-05 * "RiverBank Properties" "Paying the rent"
  Assets:US:BofA:Checking                        -2400.00 USD
  Expenses:Home:Rent                              2400.00 USD

2021-05-08 * "EDISON POWER" ""
  Assets:US:BofA:Checking                          -65.00 USD
  Expenses:Home:Electricity                         65.00 USD

2021-05-10 balance Assets:US:BofA:Checking        1065.05 USD

2021-05-20 * "Verizon Wireless" ""
  Assets:US:BofA:Checking                          -59.64 USD
  Expenses:Home:Phone                               59.64 USD

2021-05-22 * "Wine-Tarner Cable" ""
  Assets:US:BofA:Checking                          -80.07 USD
  Expenses:Home:Internet                            80.07 USD

2021-06-04 * "BANK FEES" "Monthly bank fee"
  Assets:US:BofA:Checking                           -4.00 USD
  Expenses:Financial:Fees                            4.00 USD

2021-06-05 * "RiverBank Properties" "Paying the rent"
  Assets:US:BofA:Checking                        -2400.00 USD
  Expenses:Home:Rent                              2400.00 USD

2021-06-09 balance Assets:US:BofA:Checking        1222.54 USD

2021-06-09 * "EDISON POWER" ""
  Assets:US:BofA:Checking                          -65.00 USD
  Expenses:Home:Electricity                         65.00 USD

2021-06-19 * "Verizon Wireless" ""
  Assets:US:BofA:Checking                          -42.40 USD
  Expenses:Home:Phone                               42.40 USD

2021-06-23 * "Wine-Tarner Cable" ""
  Assets:US:BofA:Checking                          -79.98 USD
  Expenses:Home:Internet                            79.98 USD

2021-06-29 balance Assets:US:BofA:Checking        3158.90 USD

2021-07-04 * "BANK FEES" "Monthly bank fee"
  Assets:US:BofA:Checking                           -4.00 USD
  Expenses:Financial:Fees                            4.00 USD

2021-07-06 * "RiverBank Properties" "Paying the rent"
  Assets:US:BofA:Checking                        -2400.00 USD
  Expenses:Home:Rent                              2400.00 USD

2021-07-08 * "EDISON POWER" ""
  Assets:US:BofA:Checking                          -65.00 USD
  Expenses:Home:Electricity                         65.00 USD

2021-07-18 * "Verizon Wireless" ""
  Assets:US:BofA:Checking                          -80.55 USD
  Expenses:Home:Phone                               80.55 USD

2021-07-20 balance Assets:US:BofA:Checking        1205.05 USD

2021-07-22 * "Wine-Tarner Cable" ""
  Assets:US:BofA:Checking                          -80.24 USD
  Expenses:Home:Internet                            80.24 USD

2021-08-03 * "RiverBank Properties" "Paying the rent"
  Assets:US:BofA:Checking                        -2400.00 USD
  Expenses:Home:Rent                              2400.00 USD

2021-08-04 * "BANK FEES" "Monthly bank fee"
  Assets:US:BofA:Checking                           -4.00 USD
  Expenses:Financial:Fees                            4.00 USD

2021-08-09 * "EDISON POWER" ""
  Assets:US:BofA:Checking                          -65.00 USD
  Expenses:Home:Electricity                         65.00 USD

2021-08-17 balance Assets:US:BofA:Checking        1217.12 USD

2021-08-20 * "Verizon Wireless" ""
  Assets:US:BofA:Checking                          -71.30 USD
  Expenses:Home:Phone                               71.30 USD

2021-08-22 * "Wine-Tarner Cable" ""
  Assets:US:BofA:Checking                          -79.96 USD
  Expenses:Home:Internet                            79.96 USD

2021-09-04 * "BANK FEES" "Monthly bank fee"
  Assets:US:BofA:Checking                           -4.00 USD
  Expenses:Financial:Fees                            4.00 USD

2021-09-05 * "RiverBank Properties" "Paying the rent"
  Assets:US:BofA:Checking                        -2400.00 USD
  Expenses:Home:Rent                              2400.00 USD

2021-09-09 * "EDISON POWER" ""
  Assets:US:BofA:Checking                          -65.00 USD
  Expenses:Home:Electricity                         65.00 USD

2021-09-12 balance Assets:US:BofA:Checking        2650.59 USD

2021-09-17 * "Transfering accumulated savings to other account"
  Assets:US:BofA:Checking                           -4000 USD
  Assets:US:ETrade:Cash                              4000 USD

2021-09-19 * "Verizon Wireless" ""
  Assets:US:BofA:Checking                          -54.52 USD
  Expenses:Home:Phone                               54.52 USD

2021-09-23 * "Wine-Tarner Cable" ""
  Assets:US:BofA:Checking                          -79.89 USD
  Expenses:Home:Internet                            79.89 USD

2021-10-02 balance Assets:US:BofA:Checking        3617.38 USD

2021-10-03 * "RiverBank Properties" "Paying the rent"
  Assets:US:BofA:Checking                        -2400.00 USD
  Expenses:Home:Rent                              2400.00 USD

2021-10-04 * "BANK FEES" "Monthly bank fee"
  Assets:US:BofA:Checking                           -4.00 USD
  Expenses:Financial:Fees                            4.00 USD

2021-10-08 * "EDISON POWER" ""
  Assets:US:BofA:Checking                          -65.00 USD
  Expenses:Home:Electricity                         65.00 USD

2021-10-18 * "Verizon Wireless" ""
  Assets:US:BofA:Checking                          -54.29 USD
  Expenses:Home:Phone                               54.29 USD

2021-10-21 * "Wine-Tarner Cable" ""
  Assets:US:BofA:Checking                          -79.95 USD
  Expenses:Home:Internet                            79.95 USD

2021-10-28 balance Assets:US:BofA:Checking        3014.36 USD

2021-11-04 * "BANK FEES" "Monthly bank fee"
  Assets:US:BofA:Checking                           -4.00 USD
  Expenses:Financial:Fees                            4.00 USD

2021-11-05 * "RiverBank Properties" "Paying the rent"
  Assets:US:BofA:Checking                        -2400.00 USD
  Expenses:Home:Rent                              2400.00 USD

2021-11-09 * "EDISON POWER" ""
  Assets:US:BofA:Checking                          -65.00 USD
  Expenses:Home:Electricity                         65.00 USD

2021-11-12 * "Transfering accumulated savings to other account"
  Assets:US:BofA:Checking                           -4000 USD
  Assets:US:ETrade:Cash                              4000 USD

2021-11-20 balance Assets:US:BofA:Checking         995.46 USD

2021-11-20 * "Verizon Wireless" ""
  Assets:US:BofA:Checking                          -74.25 USD
  Expenses:Home:Phone                               74.25 USD

2021-11-21 * "Wine-Tarner Cable" ""
  Assets:US:BofA:Checking                          -79.85 USD
  Expenses:Home:Internet                            79.85 USD

2021-12-04 * "BANK FEES" "Monthly bank fee"
  Assets:US:BofA:Checking                           -4.00 USD
  Expenses:Financial:Fees                            4.00 USD

2021-12-04 * "RiverBank Properties" "Paying the rent"
  Assets:US:BofA:Checking                        -2400.00 USD
  Expenses:Home:Rent                              2400.00 USD

2021-12-08 * "EDISON POWER" ""
  Assets:US:BofA:Checking                          -65.00 USD
  Expenses:Home:Electricity                         65.00 USD

2021-12-11 balance Assets:US:BofA:Checking        3512.02 USD

2021-12-19 * "Verizon Wireless" ""
  Assets:US:BofA:Checking                          -64.02 USD
  Expenses:Home:Phone                               64.02 USD

2021-12-21 * "Wine-Tarner Cable" ""
  Assets:US:BofA:Checking                          -80.03 USD
  Expenses:Home:Internet                            80.03 USD

2022-01-01 balance Assets:US:BofA:Checking        5307.09 USD

2022-01-04 * "BANK FEES" "Monthly bank fee"
  Assets:US:BofA:Checking                           -4.00 USD
  Expenses:Financial:Fees                            4.00 USD

2022-01-04 * "RiverBank Properties" "Paying the rent"
  Assets:US:BofA:Checking                        -2400.00 USD
  Expenses:Home:Rent                              2400.00 USD

2022-01-08 * "EDISON POWER" ""
  Assets:US:BofA:Checking                          -65.00 USD
  Expenses:Home:Electricity                         65.00 USD

2022-01-19 * "Verizon Wireless" ""
  Assets:US:BofA:Checking                          -71.27 USD
  Expenses:Home:Phone                               71.27 USD

2022-01-23 * "Wine-Tarner Cable" ""
  Assets:US:BofA:Checking                          -79.95 USD
  Expenses:Home:Internet                            79.95 USD

2022-01-29 balance Assets:US:BofA:Checking        4818.62 USD

2022-02-03 * "RiverBank Properties" "Paying the rent"
  Assets:US:BofA:Checking                        -2400.00 USD
  Expenses:Home:Rent                              2400.00 USD

2022-02-04 * "BANK FEES" "Monthly bank fee"
  Assets:US:BofA:Checking                           -4.00 USD
  Expenses:Financial:Fees                            4.00 USD

2022-02-09 * "EDISON POWER" ""
  Assets:US:BofA:Checking                          -65.00 USD
  Expenses:Home:Electricity                         65.00 USD

2022-02-18 * "Verizon Wireless" ""
  Assets:US:BofA:Checking                          -52.06 USD
  Expenses:Home:Phone                               52.06 USD

2022-02-22 balance Assets:US:BofA:Checking        4354.59 USD

2022-02-23 * "Wine-Tarner Cable" ""
  Assets:US:BofA:Checking                          -80.11 USD
  Expenses:Home:Internet                            80.11 USD

2022-03-04 * "BANK FEES" "Monthly bank fee"
  Assets:US:BofA:Checking                           -4.00 USD
  Expenses:Financial:Fees                            4.00 USD

2022-03-05 * "RiverBank Properties" "Paying the rent"
  Assets:US:BofA:Checking                        -2400.00 USD
  Expenses:Home:Rent                              2400.00 USD

2022-03-09 * "EDISON POWER" ""
  Assets:US:BofA:Checking                          -65.00 USD
  Expenses:Home:Electricity                         65.00 USD

2022-03-18 * "Verizon Wireless" ""
  Assets:US:BofA:Checking                          -73.06 USD
  Expenses:Home:Phone                               73.06 USD

2022-03-23 balance Assets:US:BofA:Checking        3975.41 USD

2022-03-23 * "Wine-Tarner Cable" ""
  Assets:US:BofA:Checking                          -80.07 USD
  Expenses:Home:Internet                            80.07 USD

2022-04-03 * "RiverBank Properties" "Paying the rent"
  Assets:US:BofA:Checking                        -2400.00 USD
  Expenses:Home:Rent                              2400.00 USD

2022-04-04 * "BANK FEES" "Monthly bank fee"
  Assets:US:BofA:Checking                           -4.00 USD
  Expenses:Financial:Fees                            4.00 USD

2022-04-09 * "EDISON POWER" ""
  Assets:US:BofA:Checking                          -65.00 USD
  Expenses:Home:Electricity                         65.00 USD

2022-04-13 balance Assets:US:BofA:Checking        1341.92 USD

2022-04-18 * "Verizon Wireless" ""
  Assets:US:BofA:Checking                          -71.92 USD
  Expenses:Home:Phone                               71.92 USD

2022-04-22 * "Wine-Tarner Cable" ""
  Assets:US:BofA:Checking                          -80.22 USD
  Expenses:Home:Internet                            80.22 USD

2022-05-04 * "BANK FEES" "Monthly bank fee"
  Assets:US:BofA:Checking                           -4.00 USD
  Expenses:Financial:Fees                            4.00 USD

2022-05-06 * "RiverBank Properties" "Paying the rent"
  Assets:US:BofA:Checking                        -2400.00 USD
  Expenses:Home:Rent                              2400.00 USD

2022-05-08 * "EDISON POWER" ""
  Assets:US:BofA:Checking                          -65.00 USD
  Expenses:Home:Electricity                         65.00 USD

2022-05-10 balance Assets:US:BofA:Checking        1421.98 USD

2022-05-19 * "Verizon Wireless" ""
  Assets:US:BofA:Checking                          -45.52 USD
  Expenses:Home:Phone                               45.52 USD

2022-05-21 * "Wine-Tarner Cable" ""
  Assets:US:BofA:Checking                          -79.93 USD
  Expenses:Home:Internet                            79.93 USD

2022-06-04 * "BANK FEES" "Monthly bank fee"
  Assets:US:BofA:Checking                           -4.00 USD
  Expenses:Financial:Fees                            4.00 USD

2022-06-06 balance Assets:US:BofA:Checking        3192.12 USD

2022-06-06 * "RiverBank Properties" "Paying the rent"
  Assets:US:BofA:Checking                        -2400.00 USD
  Expenses:Home:Rent                              2400.00 USD

2022-06-08 * "EDISON POWER" ""
  Assets:US:BofA:Checking                          -65.00 USD
  Expenses:Home:Electricity                         65.00 USD

2022-06-20 * "Verizon Wireless" ""
  Assets:US:BofA:Checking                          -70.28 USD
  Expenses:Home:Phone                               70.28 USD

2022-06-21 * "Wine-Tarner Cable" ""
  Assets:US:BofA:Checking                          -80.06 USD
  Expenses:Home:Internet                            80.06 USD

2022-07-02 balance Assets:US:BofA:Checking        2665.10 USD

2022-07-04 * "BANK FEES" "Monthly bank fee"
  Assets:US:BofA:Checking                           -4.00 USD
  Expenses:Financial:Fees                            4.00 USD

2022-07-06 * "RiverBank Properties" "Paying the rent"
  Assets:US:BofA:Checking                        -2400.00 USD
  Expenses:Home:Rent                              2400.00 USD

2022-07-08 * "EDISON POWER" ""
  Assets:US:BofA:Checking                          -65.00 USD
  Expenses:Home:Electricity                         65.00 USD

2022-07-18 * "Verizon Wireless" ""
  Assets:US:BofA:Checking                          -66.39 USD
  Expenses:Home:Phone                               66.39 USD

2022-07-22 * "Wine-Tarner Cable" ""
  Assets:US:BofA:Checking                          -80.04 USD
  Expenses:Home:Internet                            80.04 USD

2022-07-25 balance Assets:US:BofA:Checking        2099.66 USD

2022-08-04 * "BANK FEES" "Monthly bank fee"
  Assets:US:BofA:Checking                           -4.00 USD
  Expenses:Financial:Fees                            4.00 USD

2022-08-06 * "RiverBank Properties" "Paying the rent"
  Assets:US:BofA:Checking                        -2400.00 USD
  Expenses:Home:Rent                              2400.00 USD

2022-08-08 * "EDISON POWER" ""
  Assets:US:BofA:Checking                          -65.00 USD
  Expenses:Home:Electricity                         65.00 USD

2022-08-20 * "Verizon Wireless" ""
  Assets:US:BofA:Checking                          -52.30 USD
  Expenses:Home:Phone                               52.30 USD

2022-08-22 * "Wine-Tarner Cable" ""
  Assets:US:BofA:Checking                          -79.85 USD
  Expenses:Home:Internet                            79.85 USD

2022-08-24 balance Assets:US:BofA:Checking        3281.66 USD

2022-09-04 * "BANK FEES" "Monthly bank fee"
  Assets:US:BofA:Checking                           -4.00 USD
  Expenses:Financial:Fees                            4.00 USD

2022-09-06 * "RiverBank Properties" "Paying the rent"
  Assets:US:BofA:Checking                        -2400.00 USD
  Expenses:Home:Rent                              2400.00 USD

2022-09-09 * "EDISON POWER" ""
  Assets:US:BofA:Checking                          -65.00 USD
  Expenses:Home:Electricity                         65.00 USD

2022-09-16 balance Assets:US:BofA:Checking        5244.14 USD

2022-09-16 * "Transfering accumulated savings to other account"
  Assets:US:BofA:Checking                           -4500 USD
  Assets:US:ETrade:Cash                              4500 USD

2022-09-19 * "Verizon Wireless" ""
  Assets:US:BofA:Checking                          -68.67 USD
  Expenses:Home:Phone                               68.67 USD

2022-09-22 * "Wine-Tarner Cable" ""
  Assets:US:BofA:Checking                          -79.99 USD
  Expenses:Home:Internet                            79.99 USD

2022-10-04 * "BANK FEES" "Monthly bank fee"
  Assets:US:BofA:Checking                           -4.00 USD
  Expenses:Financial:Fees                            4.00 USD

2022-10-06 * "RiverBank Properties" "Paying the rent"
  Assets:US:BofA:Checking                        -2400.00 USD
  Expenses:Home:Rent                              2400.00 USD

2022-10-08 * "EDISON POWER" ""
  Assets:US:BofA:Checking                          -65.00 USD
  Expenses:Home:Electricity                         65.00 USD

2022-10-13 balance Assets:US:BofA:Checking         313.44 USD

2022-10-20 * "Verizon Wireless" ""
  Assets:US:BofA:Checking                          -70.88 USD
  Expenses:Home:Phone                               70.88 USD

2022-10-21 * "Wine-Tarner Cable" ""
  Assets:US:BofA:Checking                          -80.12 USD
  Expenses:Home:Internet                            80.12 USD

2022-11-04 * "BANK FEES" "Monthly bank fee"
  Assets:US:BofA:Checking                           -4.00 USD
  Expenses:Financial:Fees                            4.00 USD

2022-11-06 * "RiverBank Properties" "Paying the rent"
  Assets:US:BofA:Checking                        -2400.00 USD
  Expenses:Home:Rent                              2400.00 USD

2022-11-09 * "EDISON POWER" ""
  Assets:US:BofA:Checking                          -65.00 USD
  Expenses:Home:Electricity                         65.00 USD

2022-11-10 balance Assets:US:BofA:Checking        2279.35 USD

2022-11-11 * "Transfering accumulated savings to other account"
  Assets:US:BofA:Checking                           -4000 USD
  Assets:US:ETrade:Cash                              4000 USD

2022-11-19 * "Verizon Wireless" ""
  Assets:US:BofA:Checking                          -64.24 USD
  Expenses:Home:Phone                               64.24 USD

2022-11-23 * "Wine-Tarner Cable" ""
  Assets:US:BofA:Checking                          -79.77 USD
  Expenses:Home:Internet                            79.77 USD

2022-12-03 * "RiverBank Properties" "Paying the rent"
  Assets:US:BofA:Checking                        -2400.00 USD
  Expenses:Home:Rent                              2400.00 USD

2022-12-04 * "BANK FEES" "Monthly bank fee"
  Assets:US:BofA:Checking                           -4.00 USD
  Expenses:Financial:Fees                            4.00 USD

2022-12-09 * "EDISON POWER" ""
  Assets:US:BofA:Checking                          -65.00 USD
  Expenses:Home:Electricity                         65.00 USD

2022-12-10 balance Assets:US:BofA:Checking        3356.60 USD

2022-12-19 * "Verizon Wireless" ""
  Assets:US:BofA:Checking                          -61.29 USD
  Expenses:Home:Phone                               61.29 USD

2022-12-23 * "Wine-Tarner Cable" ""
  Assets:US:BofA:Checking                          -80.04 USD
  Expenses:Home:Internet                            80.04 USD

2023-01-03 * "RiverBank Properties" "Paying the rent"
  Assets:US:BofA:Checking                        -2400.00 USD
  Expenses:Home:Rent                              2400.00 USD

2023-01-04 * "BANK FEES" "Monthly bank fee"
  Assets:US:BofA:Checking                           -4.00 USD
  Expenses:Financial:Fees                            4.00 USD

2023-01-08 * "EDISON POWER" ""
  Assets:US:BofA:Checking                          -65.00 USD
  Expenses:Home:Electricity                         65.00 USD

2023-01-09 balance Assets:US:BofA:Checking        4311.71 USD

2023-01-18 * "Verizon Wireless" ""
  Assets:US:BofA:Checking                          -43.45 USD
  Expenses:Home:Phone                               43.45 USD

2023-01-21 * "Wine-Tarner Cable" ""
  Assets:US:BofA:Checking                          -79.96 USD
  Expenses:Home:Internet                            79.96 USD

2023-01-29 balance Assets:US:BofA:Checking        4848.05 USD

2023-02-04 * "BANK FEES" "Monthly bank fee"
  Assets:US:BofA:Checking                           -4.00 USD
  Expenses:Financial:Fees                            4.00 USD

2023-02-04 * "RiverBank Properties" "Paying the rent"
  Assets:US:BofA:Checking                        -2400.00 USD
  Expenses:Home:Rent                              2400.00 USD

2023-02-08 * "EDISON POWER" ""
  Assets:US:BofA:Checking                          -65.00 USD
  Expenses:Home:Electricity                         65.00 USD

2023-02-20 * "Verizon Wireless" ""
  Assets:US:BofA:Checking                          -48.36 USD
  Expenses:Home:Phone                               48.36 USD

2023-02-23 * "Wine-Tarner Cable" ""
  Assets:US:BofA:Checking                          -80.10 USD
  Expenses:Home:Internet                            80.10 USD

2023-02-26 balance Assets:US:BofA:Checking        4324.20 USD

2023-03-04 * "BANK FEES" "Monthly bank fee"
  Assets:US:BofA:Checking                           -4.00 USD
  Expenses:Financial:Fees                            4.00 USD

2023-03-05 * "RiverBank Properties" "Paying the rent"
  Assets:US:BofA:Checking                        -2400.00 USD
  Expenses:Home:Rent                              2400.00 USD

2023-03-09 * "EDISON POWER" ""
  Assets:US:BofA:Checking                          -65.00 USD
  Expenses:Home:Electricity                         65.00 USD

2023-03-18 balance Assets:US:BofA:Checking        3938.02 USD

2023-03-20 * "Verizon Wireless" ""
  Assets:US:BofA:Checking                          -50.19 USD
  Expenses:Home:Phone                               50.19 USD

2023-03-23 * "Wine-Tarner Cable" ""
  Assets:US:BofA:Checking                          -80.02 USD
  Expenses:Home:Internet                            80.02 USD

2023-03-31 * "Transfering accumulated savings to other account"
  Assets:US:BofA:Checking                           -4000 USD
  Assets:US:ETrade:Cash                              4000 USD

2023-04-04 * "BANK FEES" "Monthly bank fee"
  Assets:US:BofA:Checking                           -4.00 USD
  Expenses:Financial:Fees                            4.00 USD



* Credit-Cards

1980-05-12 open Liabilities:US:Chase:Slate                      USD

2021-01-04 * "Uncle Boons" "Eating out with Bill"
  Liabilities:US:Chase:Slate                       -36.17 USD
  Expenses:Food:Restaurant                          36.17 USD

2021-01-06 * "Kin Soy" "Eating out with work buddies"
  Liabilities:US:Chase:Slate                       -52.55 USD
  Expenses:Food:Restaurant                          52.55 USD

2021-01-06 * "Farmer Fresh" "Buying groceries"
  Liabilities:US:Chase:Slate                       -56.34 USD
  Expenses:Food:Groceries                           56.34 USD

2021-01-10 * "Chase:Slate" "Paying off credit card"
  Liabilities:US:Chase:Slate                       179.75 USD
  Assets:US:BofA:Checking                         -179.75 USD

2021-01-11 * "Uncle Boons" "Eating out with Bill"
  Liabilities:US:Chase:Slate                       -34.69 USD
  Expenses:Food:Restaurant                          34.69 USD

2021-01-16 * "Goba Goba" "Eating out with Joe"
  Liabilities:US:Chase:Slate                       -57.57 USD
  Expenses:Food:Restaurant                          57.57 USD

2021-01-17 * "Rose Flower" "Eating out with Joe"
  Liabilities:US:Chase:Slate                       -28.58 USD
  Expenses:Food:Restaurant                          28.58 USD

2021-01-20 * "Rose Flower" "Eating out with work buddies"
  Liabilities:US:Chase:Slate                       -33.06 USD
  Expenses:Food:Restaurant                          33.06 USD

2021-01-23 balance Liabilities:US:Chase:Slate     -119.21 USD

2021-01-25 * "Cafe Modagor" "Eating out with Bill"
  Liabilities:US:Chase:Slate                       -18.47 USD
  Expenses:Food:Restaurant                          18.47 USD

2021-01-25 * "Farmer Fresh" "Buying groceries"
  Liabilities:US:Chase:Slate                       -94.63 USD
  Expenses:Food:Groceries                           94.63 USD

2021-01-28 * "Goba Goba" "Eating out "
  Liabilities:US:Chase:Slate                       -34.50 USD
  Expenses:Food:Restaurant                          34.50 USD

2021-01-31 * "Goba Goba" "Eating out with Bill"
  Liabilities:US:Chase:Slate                       -19.21 USD
  Expenses:Food:Restaurant                          19.21 USD

2021-01-31 * "Metro Transport Authority" "Tram tickets"
  Liabilities:US:Chase:Slate                      -120.00 USD
  Expenses:Transport:Tram                          120.00 USD

2021-02-03 * "Kin Soy" "Eating out "
  Liabilities:US:Chase:Slate                       -35.26 USD
  Expenses:Food:Restaurant                          35.26 USD

2021-02-07 * "Chase:Slate" "Paying off credit card"
  Liabilities:US:Chase:Slate                       477.35 USD
  Assets:US:BofA:Checking                         -477.35 USD

2021-02-08 * "Rose Flower" "Eating out alone"
  Liabilities:US:Chase:Slate                       -36.07 USD
  Expenses:Food:Restaurant                          36.07 USD

2021-02-10 * "Jewel of Morroco" "Eating out with Bill"
  Liabilities:US:Chase:Slate                       -28.39 USD
  Expenses:Food:Restaurant                          28.39 USD

2021-02-12 * "Good Moods Market" "Buying groceries"
  Liabilities:US:Chase:Slate                       -69.46 USD
  Expenses:Food:Groceries                           69.46 USD

2021-02-15 balance Liabilities:US:Chase:Slate      -97.85 USD

2021-02-15 * "Kin Soy" "Eating out alone"
  Liabilities:US:Chase:Slate                       -37.40 USD
  Expenses:Food:Restaurant                          37.40 USD

2021-02-18 * "Jewel of Morroco" "Eating out alone"
  Liabilities:US:Chase:Slate                       -40.32 USD
  Expenses:Food:Restaurant                          40.32 USD

2021-02-22 * "Onion Market" "Buying groceries"
  Liabilities:US:Chase:Slate                       -60.38 USD
  Expenses:Food:Groceries                           60.38 USD

2021-02-23 * "Goba Goba" "Eating out with Natasha"
  Liabilities:US:Chase:Slate                       -32.04 USD
  Expenses:Food:Restaurant                          32.04 USD

2021-02-26 * "Rose Flower" "Eating out with work buddies"
  Liabilities:US:Chase:Slate                       -16.49 USD
  Expenses:Food:Restaurant                          16.49 USD

2021-02-28 * "Metro Transport Authority" "Tram tickets"
  Liabilities:US:Chase:Slate                      -120.00 USD
  Expenses:Transport:Tram                          120.00 USD

2021-03-02 * "Kin Soy" "Eating out with work buddies"
  Liabilities:US:Chase:Slate                       -39.40 USD
  Expenses:Food:Restaurant                          39.40 USD

2021-03-05 * "Goba Goba" "Eating out with Julie"
  Liabilities:US:Chase:Slate                       -71.10 USD
  Expenses:Food:Restaurant                          71.10 USD

2021-03-06 * "Rose Flower" "Eating out "
  Liabilities:US:Chase:Slate                       -32.81 USD
  Expenses:Food:Restaurant                          32.81 USD

2021-03-07 * "China Garden" "Eating out alone"
  Liabilities:US:Chase:Slate                       -37.66 USD
  Expenses:Food:Restaurant                          37.66 USD

2021-03-09 balance Liabilities:US:Chase:Slate     -585.45 USD

2021-03-10 * "Uncle Boons" "Eating out with work buddies"
  Liabilities:US:Chase:Slate                       -15.62 USD
  Expenses:Food:Restaurant                          15.62 USD

2021-03-11 * "Chase:Slate" "Paying off credit card"
  Liabilities:US:Chase:Slate                       618.85 USD
  Assets:US:BofA:Checking                         -618.85 USD

2021-03-13 * "Jewel of Morroco" "Eating out with Julie"
  Liabilities:US:Chase:Slate                       -17.78 USD
  Expenses:Food:Restaurant                          17.78 USD

2021-03-13 * "Farmer Fresh" "Buying groceries"
  Liabilities:US:Chase:Slate                      -127.07 USD
  Expenses:Food:Groceries                          127.07 USD

2021-03-16 * "Cafe Modagor" "Eating out with Julie"
  Liabilities:US:Chase:Slate                       -19.71 USD
  Expenses:Food:Restaurant                          19.71 USD

2021-03-21 * "Goba Goba" "Eating out alone"
  Liabilities:US:Chase:Slate                       -24.61 USD
  Expenses:Food:Restaurant                          24.61 USD

2021-03-23 * "Onion Market" "Buying groceries"
  Liabilities:US:Chase:Slate                      -102.09 USD
  Expenses:Food:Groceries                          102.09 USD

2021-03-24 * "Kin Soy" "Eating out after work"
  Liabilities:US:Chase:Slate                       -34.43 USD
  Expenses:Food:Restaurant                          34.43 USD

2021-03-29 * "Cafe Modagor" "Eating out with Joe"
  Liabilities:US:Chase:Slate                       -41.16 USD
  Expenses:Food:Restaurant                          41.16 USD

2021-03-31 * "Good Moods Market" "Buying groceries"
  Liabilities:US:Chase:Slate                      -137.13 USD
  Expenses:Food:Groceries                          137.13 USD

2021-04-01 balance Liabilities:US:Chase:Slate     -486.20 USD

2021-04-02 * "Metro Transport Authority" "Tram tickets"
  Liabilities:US:Chase:Slate                      -120.00 USD
  Expenses:Transport:Tram                          120.00 USD

2021-04-03 * "Cafe Modagor" "Eating out after work"
  Liabilities:US:Chase:Slate                       -26.35 USD
  Expenses:Food:Restaurant                          26.35 USD

2021-04-08 * "China Garden" "Eating out with Bill"
  Liabilities:US:Chase:Slate                       -40.24 USD
  Expenses:Food:Restaurant                          40.24 USD

2021-04-08 * "Onion Market" "Buying groceries"
  Liabilities:US:Chase:Slate                      -108.24 USD
  Expenses:Food:Groceries                          108.24 USD

2021-04-10 * "Jewel of Morroco" "Eating out with work buddies"
  Liabilities:US:Chase:Slate                       -33.41 USD
  Expenses:Food:Restaurant                          33.41 USD

2021-04-10 * "Chase:Slate" "Paying off credit card"
  Liabilities:US:Chase:Slate                       814.44 USD
  Assets:US:BofA:Checking                         -814.44 USD

2021-04-13 * "Uncle Boons" "Eating out with Natasha"
  Liabilities:US:Chase:Slate                       -32.06 USD
  Expenses:Food:Restaurant                          32.06 USD

2021-04-13 * "Corner Deli" "Buying groceries"
  Liabilities:US:Chase:Slate                      -105.48 USD
  Expenses:Food:Groceries                          105.48 USD

2021-04-17 * "Goba Goba" "Eating out after work"
  Liabilities:US:Chase:Slate                       -73.15 USD
  Expenses:Food:Restaurant                          73.15 USD

2021-04-18 * "Goba Goba" "Eating out with Bill"
  Liabilities:US:Chase:Slate                       -26.19 USD
  Expenses:Food:Restaurant                          26.19 USD

2021-04-21 balance Liabilities:US:Chase:Slate     -236.88 USD

2021-04-22 * "Cafe Modagor" "Eating out with work buddies"
  Liabilities:US:Chase:Slate                       -26.91 USD
  Expenses:Food:Restaurant                          26.91 USD

2021-04-23 * "Corner Deli" "Buying groceries"
  Liabilities:US:Chase:Slate                       -76.48 USD
  Expenses:Food:Groceries                           76.48 USD

2021-04-25 * "Kin Soy" "Eating out with Natasha"
  Liabilities:US:Chase:Slate                       -42.77 USD
  Expenses:Food:Restaurant                          42.77 USD

2021-04-29 * "Kin Soy" "Eating out with Natasha"
  Liabilities:US:Chase:Slate                       -50.33 USD
  Expenses:Food:Restaurant                          50.33 USD

2021-04-30 * "Uncle Boons" "Eating out with Natasha"
  Liabilities:US:Chase:Slate                       -23.63 USD
  Expenses:Food:Restaurant                          23.63 USD

2021-05-02 * "China Garden" "Eating out with Bill"
  Liabilities:US:Chase:Slate                       -30.96 USD
  Expenses:Food:Restaurant                          30.96 USD

2021-05-05 * "Kin Soy" "Eating out with Joe"
  Liabilities:US:Chase:Slate                       -17.00 USD
  Expenses:Food:Restaurant                          17.00 USD

2021-05-05 * "Metro Transport Authority" "Tram tickets"
  Liabilities:US:Chase:Slate                      -120.00 USD
  Expenses:Transport:Tram                          120.00 USD

2021-05-08 * "Good Moods Market" "Buying groceries"
  Liabilities:US:Chase:Slate                      -100.72 USD
  Expenses:Food:Groceries                          100.72 USD

2021-05-09 * "Goba Goba" "Eating out after work"
  Liabilities:US:Chase:Slate                       -38.27 USD
  Expenses:Food:Restaurant                          38.27 USD

2021-05-09 * "Chase:Slate" "Paying off credit card"
  Liabilities:US:Chase:Slate                       763.95 USD
  Assets:US:BofA:Checking                         -763.95 USD

2021-05-12 * "Jewel of Morroco" "Eating out with Julie"
  Liabilities:US:Chase:Slate                       -29.98 USD
  Expenses:Food:Restaurant                          29.98 USD

2021-05-15 * "Chichipotle" "Eating out with work buddies"
  Liabilities:US:Chase:Slate                       -14.84 USD
  Expenses:Food:Restaurant                          14.84 USD

2021-05-16 * "Jewel of Morroco" "Eating out "
  Liabilities:US:Chase:Slate                       -26.30 USD
  Expenses:Food:Restaurant                          26.30 USD

2021-05-16 * "Corner Deli" "Buying groceries"
  Liabilities:US:Chase:Slate                       -67.98 USD
  Expenses:Food:Groceries                           67.98 USD

2021-05-20 balance Liabilities:US:Chase:Slate     -139.10 USD

2021-05-20 * "Goba Goba" "Eating out "
  Liabilities:US:Chase:Slate                       -20.43 USD
  Expenses:Food:Restaurant                          20.43 USD

2021-05-22 * "Uncle Boons" "Eating out with Bill"
  Liabilities:US:Chase:Slate                       -18.77 USD
  Expenses:Food:Restaurant                          18.77 USD

2021-05-24 * "Cafe Modagor" "Eating out with Natasha"
  Liabilities:US:Chase:Slate                       -33.41 USD
  Expenses:Food:Restaurant                          33.41 USD

2021-05-27 * "Jewel of Morroco" "Eating out with Joe"
  Liabilities:US:Chase:Slate                       -21.62 USD
  Expenses:Food:Restaurant                          21.62 USD

2021-05-28 * "Cafe Modagor" "Eating out with Julie"
  Liabilities:US:Chase:Slate                       -32.07 USD
  Expenses:Food:Restaurant                          32.07 USD

2021-06-01 * "Cafe Modagor" "Eating out with work buddies"
  Liabilities:US:Chase:Slate                       -24.26 USD
  Expenses:Food:Restaurant                          24.26 USD

2021-06-02 * "Good Moods Market" "Buying groceries"
  Liabilities:US:Chase:Slate                       -98.70 USD
  Expenses:Food:Groceries                           98.70 USD

2021-06-03 * "Uncle Boons" "Eating out "
  Liabilities:US:Chase:Slate                       -22.55 USD
  Expenses:Food:Restaurant                          22.55 USD

2021-06-04 * "Metro Transport Authority" "Tram tickets"
  Liabilities:US:Chase:Slate                      -120.00 USD
  Expenses:Transport:Tram                          120.00 USD

2021-06-08 * "Cafe Modagor" "Eating out with Julie"
  Liabilities:US:Chase:Slate                       -21.34 USD
  Expenses:Food:Restaurant                          21.34 USD

2021-06-10 * "Kin Soy" "Eating out "
  Liabilities:US:Chase:Slate                       -25.21 USD
  Expenses:Food:Restaurant                          25.21 USD

2021-06-10 * "Good Moods Market" "Buying groceries"
  Liabilities:US:Chase:Slate                       -75.80 USD
  Expenses:Food:Groceries                           75.80 USD

2021-06-10 * "Chase:Slate" "Paying off credit card"
  Liabilities:US:Chase:Slate                       577.46 USD
  Assets:US:BofA:Checking                         -577.46 USD

2021-06-11 * "Kin Soy" "Eating out with work buddies"
  Liabilities:US:Chase:Slate                       -11.15 USD
  Expenses:Food:Restaurant                          11.15 USD

2021-06-12 balance Liabilities:US:Chase:Slate      -86.95 USD

2021-06-15 * "Onion Market" "Buying groceries"
  Liabilities:US:Chase:Slate                       -86.97 USD
  Expenses:Food:Groceries                           86.97 USD

2021-06-16 * "Goba Goba" "Eating out with Julie"
  Liabilities:US:Chase:Slate                       -37.35 USD
  Expenses:Food:Restaurant                          37.35 USD

2021-06-17 * "Uncle Boons" "Eating out "
  Liabilities:US:Chase:Slate                       -37.37 USD
  Expenses:Food:Restaurant                          37.37 USD

2021-06-20 * "Jewel of Morroco" "Eating out with Bill"
  Liabilities:US:Chase:Slate                       -20.00 USD
  Expenses:Food:Restaurant                          20.00 USD

2021-06-22 * "Jewel of Morroco" "Eating out after work"
  Liabilities:US:Chase:Slate                       -24.09 USD
  Expenses:Food:Restaurant                          24.09 USD

2021-06-24 * "Jewel of Morroco" "Eating out with Bill"
  Liabilities:US:Chase:Slate                       -28.12 USD
  Expenses:Food:Restaurant                          28.12 USD

2021-06-29 * "Chichipotle" "Eating out "
  Liabilities:US:Chase:Slate                       -39.18 USD
  Expenses:Food:Restaurant                          39.18 USD

2021-07-01 * "Cafe Modagor" "Eating out alone"
  Liabilities:US:Chase:Slate                       -53.33 USD
  Expenses:Food:Restaurant                          53.33 USD

2021-07-02 * "Goba Goba" "Eating out with Joe"
  Liabilities:US:Chase:Slate                       -22.01 USD
  Expenses:Food:Restaurant                          22.01 USD

2021-07-02 * "Corner Deli" "Buying groceries"
  Liabilities:US:Chase:Slate                       -99.26 USD
  Expenses:Food:Groceries                           99.26 USD

2021-07-03 balance Liabilities:US:Chase:Slate     -534.63 USD

2021-07-03 * "Uncle Boons" "Eating out with Joe"
  Liabilities:US:Chase:Slate                       -45.97 USD
  Expenses:Food:Restaurant                          45.97 USD

2021-07-03 * "Metro Transport Authority" "Tram tickets"
  Liabilities:US:Chase:Slate                      -120.00 USD
  Expenses:Transport:Tram                          120.00 USD

2021-07-04 * "Rose Flower" "Eating out "
  Liabilities:US:Chase:Slate                       -30.66 USD
  Expenses:Food:Restaurant                          30.66 USD

2021-07-07 * "Chase:Slate" "Paying off credit card"
  Liabilities:US:Chase:Slate                       754.90 USD
  Assets:US:BofA:Checking                         -754.90 USD

2021-07-08 * "Kin Soy" "Eating out "
  Liabilities:US:Chase:Slate                       -23.64 USD
  Expenses:Food:Restaurant                          23.64 USD

2021-07-09 * "China Garden" "Eating out with Bill"
  Liabilities:US:Chase:Slate                       -45.83 USD
  Expenses:Food:Restaurant                          45.83 USD

2021-07-10 * "Uncle Boons" "Eating out with Natasha"
  Liabilities:US:Chase:Slate                       -19.62 USD
  Expenses:Food:Restaurant                          19.62 USD

2021-07-13 * "Uncle Boons" "Eating out alone"
  Liabilities:US:Chase:Slate                       -18.24 USD
  Expenses:Food:Restaurant                          18.24 USD

2021-07-15 * "Chichipotle" "Eating out with Julie"
  Liabilities:US:Chase:Slate                       -18.17 USD
  Expenses:Food:Restaurant                          18.17 USD

2021-07-18 * "Jewel of Morroco" "Eating out with Bill"
  Liabilities:US:Chase:Slate                       -61.85 USD
  Expenses:Food:Restaurant                          61.85 USD

2021-07-19 * "Onion Market" "Buying groceries"
  Liabilities:US:Chase:Slate                       -92.85 USD
  Expenses:Food:Groceries                           92.85 USD

2021-07-23 * "China Garden" "Eating out alone"
  Liabilities:US:Chase:Slate                       -19.53 USD
  Expenses:Food:Restaurant                          19.53 USD

2021-07-25 balance Liabilities:US:Chase:Slate     -276.09 USD

2021-07-25 * "Jewel of Morroco" "Eating out with Joe"
  Liabilities:US:Chase:Slate                       -36.42 USD
  Expenses:Food:Restaurant                          36.42 USD

2021-07-25 * "Farmer Fresh" "Buying groceries"
  Liabilities:US:Chase:Slate                       -58.44 USD
  Expenses:Food:Groceries                           58.44 USD

2021-07-28 * "Chichipotle" "Eating out with Bill"
  Liabilities:US:Chase:Slate                       -20.84 USD
  Expenses:Food:Restaurant                          20.84 USD

2021-07-30 * "Cafe Modagor" "Eating out alone"
  Liabilities:US:Chase:Slate                       -39.57 USD
  Expenses:Food:Restaurant                          39.57 USD

2021-08-03 * "Rose Flower" "Eating out with Bill"
  Liabilities:US:Chase:Slate                       -27.13 USD
  Expenses:Food:Restaurant                          27.13 USD

2021-08-04 * "Good Moods Market" "Buying groceries"
  Liabilities:US:Chase:Slate                      -110.18 USD
  Expenses:Food:Groceries                          110.18 USD

2021-08-04 * "Metro Transport Authority" "Tram tickets"
  Liabilities:US:Chase:Slate                      -120.00 USD
  Expenses:Transport:Tram                          120.00 USD

2021-08-06 * "Goba Goba" "Eating out with Natasha"
  Liabilities:US:Chase:Slate                       -41.57 USD
  Expenses:Food:Restaurant                          41.57 USD

2021-08-07 * "Uncle Boons" "Eating out with Bill"
  Liabilities:US:Chase:Slate                       -36.08 USD
  Expenses:Food:Restaurant                          36.08 USD

2021-08-08 * "Chichipotle" "Eating out with Bill"
  Liabilities:US:Chase:Slate                       -73.57 USD
  Expenses:Food:Restaurant                          73.57 USD

2021-08-08 * "Chase:Slate" "Paying off credit card"
  Liabilities:US:Chase:Slate                       839.89 USD
  Assets:US:BofA:Checking                         -839.89 USD

2021-08-09 * "Farmer Fresh" "Buying groceries"
  Liabilities:US:Chase:Slate                      -101.64 USD
  Expenses:Food:Groceries                          101.64 USD

2021-08-10 * "Rose Flower" "Eating out with work buddies"
  Liabilities:US:Chase:Slate                       -48.10 USD
  Expenses:Food:Restaurant                          48.10 USD

2021-08-13 * "Uncle Boons" "Eating out with Julie"
  Liabilities:US:Chase:Slate                       -42.83 USD
  Expenses:Food:Restaurant                          42.83 USD

2021-08-15 * "Uncle Boons" "Eating out alone"
  Liabilities:US:Chase:Slate                       -21.12 USD
  Expenses:Food:Restaurant                          21.12 USD

2021-08-17 balance Liabilities:US:Chase:Slate     -213.69 USD

2021-08-17 * "Corner Deli" "Buying groceries"
  Liabilities:US:Chase:Slate                      -110.89 USD
  Expenses:Food:Groceries                          110.89 USD

2021-08-19 * "Jewel of Morroco" "Eating out with Julie"
  Liabilities:US:Chase:Slate                       -54.62 USD
  Expenses:Food:Restaurant                          54.62 USD

2021-08-20 * "Chichipotle" "Eating out with Julie"
  Liabilities:US:Chase:Slate                       -33.76 USD
  Expenses:Food:Restaurant                          33.76 USD

2021-08-24 * "Goba Goba" "Eating out with Bill"
  Liabilities:US:Chase:Slate                       -66.29 USD
  Expenses:Food:Restaurant                          66.29 USD

2021-08-26 * "Uncle Boons" "Eating out alone"
  Liabilities:US:Chase:Slate                       -92.49 USD
  Expenses:Food:Restaurant                          92.49 USD

2021-08-28 * "Cafe Modagor" "Eating out with Joe"
  Liabilities:US:Chase:Slate                       -37.89 USD
  Expenses:Food:Restaurant                          37.89 USD

2021-08-29 * "Uncle Boons" "Eating out with Natasha"
  Liabilities:US:Chase:Slate                       -37.29 USD
  Expenses:Food:Restaurant                          37.29 USD

2021-08-30 * "Kin Soy" "Eating out with Julie"
  Liabilities:US:Chase:Slate                       -42.41 USD
  Expenses:Food:Restaurant                          42.41 USD

2021-09-01 * "Uncle Boons" "Eating out with Bill"
  Liabilities:US:Chase:Slate                       -50.17 USD
  Expenses:Food:Restaurant                          50.17 USD

2021-09-02 * "Jewel of Morroco" "Eating out with Julie"
  Liabilities:US:Chase:Slate                       -24.95 USD
  Expenses:Food:Restaurant                          24.95 USD

2021-09-03 * "Metro Transport Authority" "Tram tickets"
  Liabilities:US:Chase:Slate                      -120.00 USD
  Expenses:Transport:Tram                          120.00 USD

2021-09-05 * "China Garden" "Eating out with Bill"
  Liabilities:US:Chase:Slate                       -46.45 USD
  Expenses:Food:Restaurant                          46.45 USD

2021-09-05 * "Corner Deli" "Buying groceries"
  Liabilities:US:Chase:Slate                       -71.03 USD
  Expenses:Food:Groceries                           71.03 USD

2021-09-07 * "China Garden" "Eating out after work"
  Liabilities:US:Chase:Slate                       -17.35 USD
  Expenses:Food:Restaurant                          17.35 USD

2021-09-10 * "Chase:Slate" "Paying off credit card"
  Liabilities:US:Chase:Slate                      1047.47 USD
  Assets:US:BofA:Checking                        -1047.47 USD

2021-09-11 balance Liabilities:US:Chase:Slate       28.19 USD

2021-09-11 * "Uncle Boons" "Eating out after work"
  Liabilities:US:Chase:Slate                       -28.19 USD
  Expenses:Food:Restaurant                          28.19 USD

2021-09-14 * "Cafe Modagor" "Eating out "
  Liabilities:US:Chase:Slate                       -31.30 USD
  Expenses:Food:Restaurant                          31.30 USD

2021-09-19 * "China Garden" "Eating out with Julie"
  Liabilities:US:Chase:Slate                       -12.39 USD
  Expenses:Food:Restaurant                          12.39 USD

2021-09-19 * "Good Moods Market" "Buying groceries"
  Liabilities:US:Chase:Slate                       -92.53 USD
  Expenses:Food:Groceries                           92.53 USD

2021-09-21 * "Rose Flower" "Eating out "
  Liabilities:US:Chase:Slate                       -23.66 USD
  Expenses:Food:Restaurant                          23.66 USD

2021-09-24 * "China Garden" "Eating out after work"
  Liabilities:US:Chase:Slate                       -24.36 USD
  Expenses:Food:Restaurant                          24.36 USD

2021-09-26 * "Cafe Modagor" "Eating out with Julie"
  Liabilities:US:Chase:Slate                       -30.37 USD
  Expenses:Food:Restaurant                          30.37 USD

2021-09-30 * "Rose Flower" "Eating out with Joe"
  Liabilities:US:Chase:Slate                       -16.07 USD
  Expenses:Food:Restaurant                          16.07 USD

2021-10-02 * "Goba Goba" "Eating out alone"
  Liabilities:US:Chase:Slate                       -23.11 USD
  Expenses:Food:Restaurant                          23.11 USD

2021-10-02 * "Metro Transport Authority" "Tram tickets"
  Liabilities:US:Chase:Slate                      -120.00 USD
  Expenses:Transport:Tram                          120.00 USD

2021-10-03 * "Cafe Modagor" "Eating out with Julie"
  Liabilities:US:Chase:Slate                       -43.58 USD
  Expenses:Food:Restaurant                          43.58 USD

2021-10-06 * "Goba Goba" "Eating out after work"
  Liabilities:US:Chase:Slate                       -36.95 USD
  Expenses:Food:Restaurant                          36.95 USD

2021-10-08 * "Onion Market" "Buying groceries"
  Liabilities:US:Chase:Slate                       -76.85 USD
  Expenses:Food:Groceries                           76.85 USD

2021-10-09 * "Chase:Slate" "Paying off credit card"
  Liabilities:US:Chase:Slate                       550.38 USD
  Assets:US:BofA:Checking                         -550.38 USD

2021-10-11 balance Liabilities:US:Chase:Slate       19.21 USD

2021-10-11 * "Jewel of Morroco" "Eating out with work buddies"
  Liabilities:US:Chase:Slate                       -19.21 USD
  Expenses:Food:Restaurant                          19.21 USD

2021-10-13 * "Kin Soy" "Eating out "
  Liabilities:US:Chase:Slate                       -20.46 USD
  Expenses:Food:Restaurant                          20.46 USD

2021-10-16 * "Jewel of Morroco" "Eating out with Natasha"
  Liabilities:US:Chase:Slate                       -14.29 USD
  Expenses:Food:Restaurant                          14.29 USD

2021-10-18 * "China Garden" "Eating out after work"
  Liabilities:US:Chase:Slate                       -28.76 USD
  Expenses:Food:Restaurant                          28.76 USD

2021-10-18 * "Corner Deli" "Buying groceries"
  Liabilities:US:Chase:Slate                       -94.24 USD
  Expenses:Food:Groceries                           94.24 USD

2021-10-23 * "Uncle Boons" "Eating out with Natasha"
  Liabilities:US:Chase:Slate                       -41.11 USD
  Expenses:Food:Restaurant                          41.11 USD

2021-10-23 * "Farmer Fresh" "Buying groceries"
  Liabilities:US:Chase:Slate                       -54.04 USD
  Expenses:Food:Groceries                           54.04 USD

2021-10-25 * "Jewel of Morroco" "Eating out with Bill"
  Liabilities:US:Chase:Slate                       -20.99 USD
  Expenses:Food:Restaurant                          20.99 USD

2021-10-27 * "Cafe Modagor" "Eating out alone"
  Liabilities:US:Chase:Slate                       -22.90 USD
  Expenses:Food:Restaurant                          22.90 USD

2021-10-30 * "Rose Flower" "Eating out after work"
  Liabilities:US:Chase:Slate                       -22.17 USD
  Expenses:Food:Restaurant                          22.17 USD

2021-10-31 * "Good Moods Market" "Buying groceries"
  Liabilities:US:Chase:Slate                      -107.19 USD
  Expenses:Food:Groceries                          107.19 USD

2021-11-01 * "Metro Transport Authority" "Tram tickets"
  Liabilities:US:Chase:Slate                      -120.00 USD
  Expenses:Transport:Tram                          120.00 USD

2021-11-02 * "Goba Goba" "Eating out after work"
  Liabilities:US:Chase:Slate                       -32.42 USD
  Expenses:Food:Restaurant                          32.42 USD

2021-11-05 * "Goba Goba" "Eating out with Julie"
  Liabilities:US:Chase:Slate                       -26.77 USD
  Expenses:Food:Restaurant                          26.77 USD

2021-11-07 balance Liabilities:US:Chase:Slate     -605.34 USD

2021-11-08 * "Chichipotle" "Eating out after work"
  Liabilities:US:Chase:Slate                       -15.35 USD
  Expenses:Food:Restaurant                          15.35 USD

2021-11-11 * "Chase:Slate" "Paying off credit card"
  Liabilities:US:Chase:Slate                       651.10 USD
  Assets:US:BofA:Checking                         -651.10 USD

2021-11-12 * "Jewel of Morroco" "Eating out with Bill"
  Liabilities:US:Chase:Slate                       -30.41 USD
  Expenses:Food:Restaurant                          30.41 USD

2021-11-13 * "China Garden" "Eating out with Julie"
  Liabilities:US:Chase:Slate                       -56.03 USD
  Expenses:Food:Restaurant                          56.03 USD

2021-11-16 * "Corner Deli" "Buying groceries"
  Liabilities:US:Chase:Slate                       -59.25 USD
  Expenses:Food:Groceries                           59.25 USD

2021-11-17 * "Uncle Boons" "Eating out with Bill"
  Liabilities:US:Chase:Slate                       -35.46 USD
  Expenses:Food:Restaurant                          35.46 USD

2021-11-19 * "Chichipotle" "Eating out "
  Liabilities:US:Chase:Slate                       -35.51 USD
  Expenses:Food:Restaurant                          35.51 USD

2021-11-21 * "Goba Goba" "Eating out with Natasha"
  Liabilities:US:Chase:Slate                       -47.40 USD
  Expenses:Food:Restaurant                          47.40 USD

2021-11-21 * "Good Moods Market" "Buying groceries"
  Liabilities:US:Chase:Slate                       -68.04 USD
  Expenses:Food:Groceries                           68.04 USD

2021-11-23 * "Rose Flower" "Eating out with work buddies"
  Liabilities:US:Chase:Slate                       -30.99 USD
  Expenses:Food:Restaurant                          30.99 USD

2021-11-24 * "Chichipotle" "Eating out with Natasha"
  Liabilities:US:Chase:Slate                       -25.84 USD
  Expenses:Food:Restaurant                          25.84 USD

2021-11-25 * "Chichipotle" "Eating out with work buddies"
  Liabilities:US:Chase:Slate                       -33.07 USD
  Expenses:Food:Restaurant                          33.07 USD

2021-11-26 * "China Garden" "Eating out with Natasha"
  Liabilities:US:Chase:Slate                       -42.63 USD
  Expenses:Food:Restaurant                          42.63 USD

2021-11-28 * "Goba Goba" "Eating out after work"
  Liabilities:US:Chase:Slate                       -25.66 USD
  Expenses:Food:Restaurant                          25.66 USD

2021-11-29 * "Chichipotle" "Eating out after work"
  Liabilities:US:Chase:Slate                       -29.42 USD
  Expenses:Food:Restaurant                          29.42 USD

2021-11-29 * "Metro Transport Authority" "Tram tickets"
  Liabilities:US:Chase:Slate                      -120.00 USD
  Expenses:Transport:Tram                          120.00 USD

2021-12-01 balance Liabilities:US:Chase:Slate     -609.30 USD

2021-12-01 * "Rose Flower" "Eating out with Julie"
  Liabilities:US:Chase:Slate                       -31.82 USD
  Expenses:Food:Restaurant                          31.82 USD

2021-12-05 * "Corner Deli" "Buying groceries"
  Liabilities:US:Chase:Slate                      -101.37 USD
  Expenses:Food:Groceries                          101.37 USD

2021-12-06 * "Chichipotle" "Eating out with Joe"
  Liabilities:US:Chase:Slate                       -11.21 USD
  Expenses:Food:Restaurant                          11.21 USD

2021-12-10 * "Good Moods Market" "Buying groceries"
  Liabilities:US:Chase:Slate                      -105.91 USD
  Expenses:Food:Groceries                          105.91 USD

2021-12-11 * "Chichipotle" "Eating out with Bill"
  Liabilities:US:Chase:Slate                       -33.41 USD
  Expenses:Food:Restaurant                          33.41 USD

2021-12-11 * "Chase:Slate" "Paying off credit card"
  Liabilities:US:Chase:Slate                       893.02 USD
  Assets:US:BofA:Checking                         -893.02 USD

2021-12-12 * "Goba Goba" "Eating out with Natasha"
  Liabilities:US:Chase:Slate                       -29.59 USD
  Expenses:Food:Restaurant                          29.59 USD

2021-12-16 * "Kin Soy" "Eating out with Julie"
  Liabilities:US:Chase:Slate                       -20.58 USD
  Expenses:Food:Restaurant                          20.58 USD

2021-12-20 * "Cafe Modagor" "Eating out with Julie"
  Liabilities:US:Chase:Slate                       -46.19 USD
  Expenses:Food:Restaurant                          46.19 USD

2021-12-21 * "Kin Soy" "Eating out with Joe"
  Liabilities:US:Chase:Slate                       -46.31 USD
  Expenses:Food:Restaurant                          46.31 USD

2021-12-24 * "Onion Market" "Buying groceries"
  Liabilities:US:Chase:Slate                       -64.12 USD
  Expenses:Food:Groceries                           64.12 USD

2021-12-25 * "Kin Soy" "Eating out with Natasha"
  Liabilities:US:Chase:Slate                       -16.32 USD
  Expenses:Food:Restaurant                          16.32 USD

2021-12-27 * "Rose Flower" "Eating out with Joe"
  Liabilities:US:Chase:Slate                       -56.00 USD
  Expenses:Food:Restaurant                          56.00 USD

2021-12-28 * "Goba Goba" "Eating out with Natasha"
  Liabilities:US:Chase:Slate                       -26.11 USD
  Expenses:Food:Restaurant                          26.11 USD

2021-12-29 balance Liabilities:US:Chase:Slate     -305.22 USD

2021-12-29 * "Goba Goba" "Eating out with Bill"
  Liabilities:US:Chase:Slate                       -28.30 USD
  Expenses:Food:Restaurant                          28.30 USD

2022-01-01 * "Metro Transport Authority" "Tram tickets"
  Liabilities:US:Chase:Slate                      -120.00 USD
  Expenses:Transport:Tram                          120.00 USD

2022-01-03 * "Kin Soy" "Eating out with Bill"
  Liabilities:US:Chase:Slate                       -54.01 USD
  Expenses:Food:Restaurant                          54.01 USD

2022-01-08 * "Kin Soy" "Eating out with Bill"
  Liabilities:US:Chase:Slate                       -18.28 USD
  Expenses:Food:Restaurant                          18.28 USD

2022-01-09 * "Jewel of Morroco" "Eating out "
  Liabilities:US:Chase:Slate                       -43.64 USD
  Expenses:Food:Restaurant                          43.64 USD

2022-01-09 * "Chase:Slate" "Paying off credit card"
  Liabilities:US:Chase:Slate                       569.45 USD
  Assets:US:BofA:Checking                         -569.45 USD

2022-01-10 * "Onion Market" "Buying groceries"
  Liabilities:US:Chase:Slate                      -145.76 USD
  Expenses:Food:Groceries                          145.76 USD

2022-01-14 * "China Garden" "Eating out with Bill"
  Liabilities:US:Chase:Slate                       -27.36 USD
  Expenses:Food:Restaurant                          27.36 USD

2022-01-15 * "Kin Soy" "Eating out "
  Liabilities:US:Chase:Slate                       -41.10 USD
  Expenses:Food:Restaurant                          41.10 USD

2022-01-19 * "Uncle Boons" "Eating out with work buddies"
  Liabilities:US:Chase:Slate                       -12.02 USD
  Expenses:Food:Restaurant                          12.02 USD

2022-01-22 * "Jewel of Morroco" "Eating out "
  Liabilities:US:Chase:Slate                       -29.73 USD
  Expenses:Food:Restaurant                          29.73 USD

2022-01-25 balance Liabilities:US:Chase:Slate     -255.97 USD

2022-01-26 * "Cafe Modagor" "Eating out with Natasha"
  Liabilities:US:Chase:Slate                       -30.23 USD
  Expenses:Food:Restaurant                          30.23 USD

2022-01-27 * "Cafe Modagor" "Eating out "
  Liabilities:US:Chase:Slate                       -30.05 USD
  Expenses:Food:Restaurant                          30.05 USD

2022-01-29 * "Onion Market" "Buying groceries"
  Liabilities:US:Chase:Slate                       -87.55 USD
  Expenses:Food:Groceries                           87.55 USD

2022-01-31 * "China Garden" "Eating out after work"
  Liabilities:US:Chase:Slate                       -20.80 USD
  Expenses:Food:Restaurant                          20.80 USD

2022-02-02 * "Metro Transport Authority" "Tram tickets"
  Liabilities:US:Chase:Slate                      -120.00 USD
  Expenses:Transport:Tram                          120.00 USD

2022-02-04 * "Cafe Modagor" "Eating out with Natasha"
  Liabilities:US:Chase:Slate                       -28.59 USD
  Expenses:Food:Restaurant                          28.59 USD

2022-02-05 * "Rose Flower" "Eating out "
  Liabilities:US:Chase:Slate                       -43.36 USD
  Expenses:Food:Restaurant                          43.36 USD

2022-02-06 event "location" "Los Angeles"

2022-02-07 * "Mr. Marcel" "" #trip-los-angeles-2022
  Liabilities:US:Chase:Slate                       -45.26 USD
  Expenses:Food:Restaurant                          45.26 USD

2022-02-07 * "Pampas Grill" "" #trip-los-angeles-2022
  Liabilities:US:Chase:Slate                       -29.24 USD
  Expenses:Food:Restaurant                          29.24 USD

2022-02-08 * "Mr. Marcel" "" #trip-los-angeles-2022
  Liabilities:US:Chase:Slate                       -33.93 USD
  Expenses:Food:Restaurant                          33.93 USD

2022-02-08 * "Banana Leaf" "" #trip-los-angeles-2022
  Liabilities:US:Chase:Slate                       -27.37 USD
  Expenses:Food:Restaurant                          27.37 USD

2022-02-08 * "Dupar's" "" #trip-los-angeles-2022
  Liabilities:US:Chase:Slate                       -31.17 USD
  Expenses:Food:Restaurant                          31.17 USD

2022-02-08 * "Pampas Grill" "" #trip-los-angeles-2022
  Liabilities:US:Chase:Slate                       -27.98 USD
  Expenses:Food:Restaurant                          27.98 USD

2022-02-09 * "Mr. Marcel" "" #trip-los-angeles-2022
  Liabilities:US:Chase:Slate                       -41.83 USD
  Expenses:Food:Restaurant                          41.83 USD

2022-02-09 * "Chipotle" "" #trip-los-angeles-2022
  Liabilities:US:Chase:Slate                       -15.27 USD
  Expenses:Food:Restaurant                          15.27 USD

2022-02-09 * "Starbucks" "" #trip-los-angeles-2022
  Liabilities:US:Chase:Slate                        -6.13 USD
  Expenses:Food:Coffee                               6.13 USD

2022-02-09 * "E.B.'s Beer and Wine" "" #trip-los-angeles-2022
  Liabilities:US:Chase:Slate                       -11.68 USD
  Expenses:Food:Alcohol                             11.68 USD

2022-02-10 * "Mr. Marcel" "" #trip-los-angeles-2022
  Liabilities:US:Chase:Slate                       -44.25 USD
  Expenses:Food:Restaurant                          44.25 USD

2022-02-10 * "Chase:Slate" "Paying off credit card"
  Liabilities:US:Chase:Slate                       644.17 USD
  Assets:US:BofA:Checking                         -644.17 USD

2022-02-11 * "Pampas Grill" "" #trip-los-angeles-2022
  Liabilities:US:Chase:Slate                       -25.73 USD
  Expenses:Food:Restaurant                          25.73 USD

2022-02-11 * "Chipotle" "" #trip-los-angeles-2022
  Liabilities:US:Chase:Slate                       -14.00 USD
  Expenses:Food:Restaurant                          14.00 USD

2022-02-12 * "Mr. Marcel" "" #trip-los-angeles-2022
  Liabilities:US:Chase:Slate                       -36.59 USD
  Expenses:Food:Restaurant                          36.59 USD

2022-02-12 * "Chipotle" "" #trip-los-angeles-2022
  Liabilities:US:Chase:Slate                       -16.66 USD
  Expenses:Food:Restaurant                          16.66 USD

2022-02-12 * "E.B.'s Beer and Wine" "" #trip-los-angeles-2022
  Liabilities:US:Chase:Slate                        -8.48 USD
  Expenses:Food:Alcohol                              8.48 USD

2022-02-13 * "Mr. Marcel" "" #trip-los-angeles-2022
  Liabilities:US:Chase:Slate                       -33.38 USD
  Expenses:Food:Restaurant                          33.38 USD

2022-02-13 * "Dupar's" "" #trip-los-angeles-2022
  Liabilities:US:Chase:Slate                       -31.66 USD
  Expenses:Food:Restaurant                          31.66 USD

2022-02-13 * "Pampas Grill" "" #trip-los-angeles-2022
  Liabilities:US:Chase:Slate                       -21.45 USD
  Expenses:Food:Restaurant                          21.45 USD

2022-02-13 * "Chipotle" "" #trip-los-angeles-2022
  Liabilities:US:Chase:Slate                       -13.23 USD
  Expenses:Food:Restaurant                          13.23 USD

2022-02-13 * "E.B.'s Beer and Wine" "" #trip-los-angeles-2022
  Liabilities:US:Chase:Slate                        -8.57 USD
  Expenses:Food:Alcohol                              8.57 USD

2022-02-14 * "Mr. Marcel" "" #trip-los-angeles-2022
  Liabilities:US:Chase:Slate                       -41.25 USD
  Expenses:Food:Restaurant                          41.25 USD

2022-02-14 * "Dupar's" "" #trip-los-angeles-2022
  Liabilities:US:Chase:Slate                       -32.11 USD
  Expenses:Food:Restaurant                          32.11 USD

2022-02-14 * "Chipotle" "" #trip-los-angeles-2022
  Liabilities:US:Chase:Slate                       -16.09 USD
  Expenses:Food:Restaurant                          16.09 USD

2022-02-14 * "E.B.'s Beer and Wine" "" #trip-los-angeles-2022
  Liabilities:US:Chase:Slate                       -11.46 USD
  Expenses:Food:Alcohol                             11.46 USD

2022-02-15 * "Mr. Marcel" "" #trip-los-angeles-2022
  Liabilities:US:Chase:Slate                       -29.31 USD
  Expenses:Food:Restaurant                          29.31 USD

2022-02-15 * "Chipotle" "" #trip-los-angeles-2022
  Liabilities:US:Chase:Slate                       -16.23 USD
  Expenses:Food:Restaurant                          16.23 USD

2022-02-15 * "E.B.'s Beer and Wine" "" #trip-los-angeles-2022
  Liabilities:US:Chase:Slate                        -9.60 USD
  Expenses:Food:Alcohol                              9.60 USD

2022-02-16 * "Pampas Grill" "" #trip-los-angeles-2022
  Liabilities:US:Chase:Slate                       -23.64 USD
  Expenses:Food:Restaurant                          23.64 USD

2022-02-17 * "Banana Leaf" "" #trip-los-angeles-2022
  Liabilities:US:Chase:Slate                       -26.89 USD
  Expenses:Food:Restaurant                          26.89 USD

2022-02-17 * "Starbucks" "" #trip-los-angeles-2022
  Liabilities:US:Chase:Slate                        -5.43 USD
  Expenses:Food:Coffee                               5.43 USD

2022-02-18 * "Mr. Marcel" "" #trip-los-angeles-2022
  Liabilities:US:Chase:Slate                       -34.63 USD
  Expenses:Food:Restaurant                          34.63 USD

2022-02-18 * "Chipotle" "" #trip-los-angeles-2022
  Liabilities:US:Chase:Slate                       -17.12 USD
  Expenses:Food:Restaurant                          17.12 USD

2022-02-18 * "Starbucks" "" #trip-los-angeles-2022
  Liabilities:US:Chase:Slate                        -6.56 USD
  Expenses:Food:Coffee                               6.56 USD

2022-02-19 balance Liabilities:US:Chase:Slate     -766.56 USD

2022-02-19 * "Starbucks" "" #trip-los-angeles-2022
  Liabilities:US:Chase:Slate                        -6.10 USD
  Expenses:Food:Coffee                               6.10 USD

2022-02-20 * "Mr. Marcel" "" #trip-los-angeles-2022
  Liabilities:US:Chase:Slate                       -39.88 USD
  Expenses:Food:Restaurant                          39.88 USD

2022-02-20 * "Chipotle" "" #trip-los-angeles-2022
  Liabilities:US:Chase:Slate                       -15.12 USD
  Expenses:Food:Restaurant                          15.12 USD

2022-02-20 * "Starbucks" "" #trip-los-angeles-2022
  Liabilities:US:Chase:Slate                        -7.07 USD
  Expenses:Food:Coffee                               7.07 USD

2022-02-21 * "Consume vacation days"
  Assets:US:BayBook:Vacation                         -120 VACHR
  Expenses:Vacation                                   120 VACHR

2022-02-21 event "location" "New Metropolis"

2022-02-22 * "Chichipotle" "Eating out after work"
  Liabilities:US:Chase:Slate                       -27.62 USD
  Expenses:Food:Restaurant                          27.62 USD

2022-02-22 * "Good Moods Market" "Buying groceries"
  Liabilities:US:Chase:Slate                       -74.37 USD
  Expenses:Food:Groceries                           74.37 USD

2022-02-24 * "Chichipotle" "Eating out after work"
  Liabilities:US:Chase:Slate                       -23.43 USD
  Expenses:Food:Restaurant                          23.43 USD

2022-02-27 * "Farmer Fresh" "Buying groceries"
  Liabilities:US:Chase:Slate                      -143.96 USD
  Expenses:Food:Groceries                          143.96 USD

2022-03-01 * "Cafe Modagor" "Eating out with work buddies"
  Liabilities:US:Chase:Slate                       -17.14 USD
  Expenses:Food:Restaurant                          17.14 USD

2022-03-01 * "Metro Transport Authority" "Tram tickets"
  Liabilities:US:Chase:Slate                      -120.00 USD
  Expenses:Transport:Tram                          120.00 USD

2022-03-02 * "Uncle Boons" "Eating out after work"
  Liabilities:US:Chase:Slate                       -29.57 USD
  Expenses:Food:Restaurant                          29.57 USD

2022-03-06 * "Kin Soy" "Eating out with Natasha"
  Liabilities:US:Chase:Slate                       -27.44 USD
  Expenses:Food:Restaurant                          27.44 USD

2022-03-09 * "Chase:Slate" "Paying off credit card"
  Liabilities:US:Chase:Slate                       458.21 USD
  Assets:US:BofA:Checking                         -458.21 USD

2022-03-10 * "China Garden" "Eating out with Natasha"
  Liabilities:US:Chase:Slate                       -22.30 USD
  Expenses:Food:Restaurant                          22.30 USD

2022-03-13 * "Uncle Boons" "Eating out with Julie"
  Liabilities:US:Chase:Slate                       -49.79 USD
  Expenses:Food:Restaurant                          49.79 USD

2022-03-14 * "Cafe Modagor" "Eating out "
  Liabilities:US:Chase:Slate                       -89.80 USD
  Expenses:Food:Restaurant                          89.80 USD

2022-03-16 * "Good Moods Market" "Buying groceries"
  Liabilities:US:Chase:Slate                       -87.29 USD
  Expenses:Food:Groceries                           87.29 USD

2022-03-18 * "Jewel of Morroco" "Eating out with Natasha"
  Liabilities:US:Chase:Slate                       -35.01 USD
  Expenses:Food:Restaurant                          35.01 USD

2022-03-19 balance Liabilities:US:Chase:Slate    -1124.24 USD

2022-03-20 * "Kin Soy" "Eating out after work"
  Liabilities:US:Chase:Slate                       -40.94 USD
  Expenses:Food:Restaurant                          40.94 USD

2022-03-25 * "Cafe Modagor" "Eating out with work buddies"
  Liabilities:US:Chase:Slate                       -45.30 USD
  Expenses:Food:Restaurant                          45.30 USD

2022-03-29 * "Good Moods Market" "Buying groceries"
  Liabilities:US:Chase:Slate                       -69.66 USD
  Expenses:Food:Groceries                           69.66 USD

2022-03-30 * "Cafe Modagor" "Eating out with Bill"
  Liabilities:US:Chase:Slate                       -15.42 USD
  Expenses:Food:Restaurant                          15.42 USD

2022-03-30 * "Metro Transport Authority" "Tram tickets"
  Liabilities:US:Chase:Slate                      -120.00 USD
  Expenses:Transport:Tram                          120.00 USD

2022-04-02 * "Chichipotle" "Eating out alone"
  Liabilities:US:Chase:Slate                       -28.79 USD
  Expenses:Food:Restaurant                          28.79 USD

2022-04-05 * "Good Moods Market" "Buying groceries"
  Liabilities:US:Chase:Slate                       -75.31 USD
  Expenses:Food:Groceries                           75.31 USD

2022-04-06 * "Goba Goba" "Eating out with Bill"
  Liabilities:US:Chase:Slate                       -49.77 USD
  Expenses:Food:Restaurant                          49.77 USD

2022-04-09 * "Chase:Slate" "Paying off credit card"
  Liabilities:US:Chase:Slate                       732.94 USD
  Assets:US:BofA:Checking                         -732.94 USD

2022-04-11 * "Jewel of Morroco" "Eating out with Bill"
  Liabilities:US:Chase:Slate                       -25.86 USD
  Expenses:Food:Restaurant                          25.86 USD

2022-04-13 balance Liabilities:US:Chase:Slate     -862.35 USD

2022-04-14 * "Onion Market" "Buying groceries"
  Liabilities:US:Chase:Slate                       -65.99 USD
  Expenses:Food:Groceries                           65.99 USD

2022-04-16 * "Uncle Boons" "Eating out with Julie"
  Liabilities:US:Chase:Slate                       -38.20 USD
  Expenses:Food:Restaurant                          38.20 USD

2022-04-17 * "Uncle Boons" "Eating out with Bill"
  Liabilities:US:Chase:Slate                       -27.91 USD
  Expenses:Food:Restaurant                          27.91 USD

2022-04-18 * "Goba Goba" "Eating out alone"
  Liabilities:US:Chase:Slate                       -40.97 USD
  Expenses:Food:Restaurant                          40.97 USD

2022-04-19 * "Rose Flower" "Eating out with Bill"
  Liabilities:US:Chase:Slate                       -23.12 USD
  Expenses:Food:Restaurant                          23.12 USD

2022-04-22 * "Kin Soy" "Eating out alone"
  Liabilities:US:Chase:Slate                       -48.86 USD
  Expenses:Food:Restaurant                          48.86 USD

2022-04-24 * "Rose Flower" "Eating out "
  Liabilities:US:Chase:Slate                       -25.03 USD
  Expenses:Food:Restaurant                          25.03 USD

2022-04-25 * "Goba Goba" "Eating out with Julie"
  Liabilities:US:Chase:Slate                       -29.08 USD
  Expenses:Food:Restaurant                          29.08 USD

2022-04-25 * "Farmer Fresh" "Buying groceries"
  Liabilities:US:Chase:Slate                      -100.84 USD
  Expenses:Food:Groceries                          100.84 USD

2022-04-27 * "Jewel of Morroco" "Eating out alone"
  Liabilities:US:Chase:Slate                       -19.76 USD
  Expenses:Food:Restaurant                          19.76 USD

2022-04-28 * "Metro Transport Authority" "Tram tickets"
  Liabilities:US:Chase:Slate                      -120.00 USD
  Expenses:Transport:Tram                          120.00 USD

2022-04-30 * "Chichipotle" "Eating out after work"
  Liabilities:US:Chase:Slate                       -31.01 USD
  Expenses:Food:Restaurant                          31.01 USD

2022-05-03 * "Chichipotle" "Eating out after work"
  Liabilities:US:Chase:Slate                       -24.42 USD
  Expenses:Food:Restaurant                          24.42 USD

2022-05-04 * "Jewel of Morroco" "Eating out after work"
  Liabilities:US:Chase:Slate                       -25.56 USD
  Expenses:Food:Restaurant                          25.56 USD

2022-05-08 * "Cafe Modagor" "Eating out with Julie"
  Liabilities:US:Chase:Slate                       -27.34 USD
  Expenses:Food:Restaurant                          27.34 USD

2022-05-09 * "Chichipotle" "Eating out with Bill"
  Liabilities:US:Chase:Slate                       -16.17 USD
  Expenses:Food:Restaurant                          16.17 USD

2022-05-10 * "Chichipotle" "Eating out with Joe"
  Liabilities:US:Chase:Slate                       -42.70 USD
  Expenses:Food:Restaurant                          42.70 USD

2022-05-11 * "Chase:Slate" "Paying off credit card"
  Liabilities:US:Chase:Slate                       801.61 USD
  Assets:US:BofA:Checking                         -801.61 USD

2022-05-12 balance Liabilities:US:Chase:Slate     -767.70 USD

2022-05-12 * "Good Moods Market" "Buying groceries"
  Liabilities:US:Chase:Slate                       -94.65 USD
  Expenses:Food:Groceries                           94.65 USD

2022-05-13 * "Goba Goba" "Eating out "
  Liabilities:US:Chase:Slate                       -21.53 USD
  Expenses:Food:Restaurant                          21.53 USD

2022-05-15 * "Jewel of Morroco" "Eating out "
  Liabilities:US:Chase:Slate                       -27.48 USD
  Expenses:Food:Restaurant                          27.48 USD

2022-05-18 * "Cafe Modagor" "Eating out "
  Liabilities:US:Chase:Slate                       -42.06 USD
  Expenses:Food:Restaurant                          42.06 USD

2022-05-20 * "Uncle Boons" "Eating out alone"
  Liabilities:US:Chase:Slate                       -20.22 USD
  Expenses:Food:Restaurant                          20.22 USD

2022-05-25 * "Cafe Modagor" "Eating out with work buddies"
  Liabilities:US:Chase:Slate                       -48.36 USD
  Expenses:Food:Restaurant                          48.36 USD

2022-05-25 * "Metro Transport Authority" "Tram tickets"
  Liabilities:US:Chase:Slate                      -120.00 USD
  Expenses:Transport:Tram                          120.00 USD

2022-05-29 * "Corner Deli" "Buying groceries"
  Liabilities:US:Chase:Slate                       -60.73 USD
  Expenses:Food:Groceries                           60.73 USD

2022-05-30 * "Jewel of Morroco" "Eating out with Joe"
  Liabilities:US:Chase:Slate                       -25.24 USD
  Expenses:Food:Restaurant                          25.24 USD

2022-05-31 * "Jewel of Morroco" "Eating out with work buddies"
  Liabilities:US:Chase:Slate                       -36.83 USD
  Expenses:Food:Restaurant                          36.83 USD

2022-06-01 * "Chichipotle" "Eating out with Natasha"
  Liabilities:US:Chase:Slate                       -56.51 USD
  Expenses:Food:Restaurant                          56.51 USD

2022-06-05 balance Liabilities:US:Chase:Slate    -1321.31 USD

2022-06-05 * "Kin Soy" "Eating out "
  Liabilities:US:Chase:Slate                       -37.76 USD
  Expenses:Food:Restaurant                          37.76 USD

2022-06-07 * "China Garden" "Eating out with Natasha"
  Liabilities:US:Chase:Slate                       -36.35 USD
  Expenses:Food:Restaurant                          36.35 USD

2022-06-08 * "China Garden" "Eating out "
  Liabilities:US:Chase:Slate                       -31.18 USD
  Expenses:Food:Restaurant                          31.18 USD

2022-06-10 * "Chase:Slate" "Paying off credit card"
  Liabilities:US:Chase:Slate                       612.88 USD
  Assets:US:BofA:Checking                         -612.88 USD

2022-06-12 * "China Garden" "Eating out alone"
  Liabilities:US:Chase:Slate                       -48.63 USD
  Expenses:Food:Restaurant                          48.63 USD

2022-06-14 * "Rose Flower" "Eating out after work"
  Liabilities:US:Chase:Slate                       -29.63 USD
  Expenses:Food:Restaurant                          29.63 USD

2022-06-16 * "Goba Goba" "Eating out after work"
  Liabilities:US:Chase:Slate                       -60.72 USD
  Expenses:Food:Restaurant                          60.72 USD

2022-06-16 * "Onion Market" "Buying groceries"
  Liabilities:US:Chase:Slate                       -71.28 USD
  Expenses:Food:Groceries                           71.28 USD

2022-06-18 * "Chichipotle" "Eating out with Julie"
  Liabilities:US:Chase:Slate                       -52.60 USD
  Expenses:Food:Restaurant                          52.60 USD

2022-06-20 * "China Garden" "Eating out with Natasha"
  Liabilities:US:Chase:Slate                       -32.60 USD
  Expenses:Food:Restaurant                          32.60 USD

2022-06-21 * "Cafe Modagor" "Eating out with Julie"
  Liabilities:US:Chase:Slate                       -17.11 USD
  Expenses:Food:Restaurant                          17.11 USD

2022-06-23 * "Farmer Fresh" "Buying groceries"
  Liabilities:US:Chase:Slate                       -97.17 USD
  Expenses:Food:Groceries                           97.17 USD

2022-06-24 * "Chichipotle" "Eating out with Joe"
  Liabilities:US:Chase:Slate                       -54.28 USD
  Expenses:Food:Restaurant                          54.28 USD

2022-06-26 * "Metro Transport Authority" "Tram tickets"
  Liabilities:US:Chase:Slate                      -120.00 USD
  Expenses:Transport:Tram                          120.00 USD

2022-06-28 * "Kin Soy" "Eating out after work"
  Liabilities:US:Chase:Slate                       -22.64 USD
  Expenses:Food:Restaurant                          22.64 USD

2022-06-30 balance Liabilities:US:Chase:Slate    -1420.38 USD

2022-07-01 * "Goba Goba" "Eating out alone"
  Liabilities:US:Chase:Slate                       -39.06 USD
  Expenses:Food:Restaurant                          39.06 USD

2022-07-06 * "Cafe Modagor" "Eating out after work"
  Liabilities:US:Chase:Slate                       -30.04 USD
  Expenses:Food:Restaurant                          30.04 USD

2022-07-08 * "Chase:Slate" "Paying off credit card"
  Liabilities:US:Chase:Slate                       651.21 USD
  Assets:US:BofA:Checking                         -651.21 USD

2022-07-09 * "Kin Soy" "Eating out "
  Liabilities:US:Chase:Slate                       -24.08 USD
  Expenses:Food:Restaurant                          24.08 USD

2022-07-11 * "Farmer Fresh" "Buying groceries"
  Liabilities:US:Chase:Slate                      -103.69 USD
  Expenses:Food:Groceries                          103.69 USD

2022-07-14 * "Chichipotle" "Eating out with Julie"
  Liabilities:US:Chase:Slate                       -24.88 USD
  Expenses:Food:Restaurant                          24.88 USD

2022-07-18 * "Rose Flower" "Eating out with work buddies"
  Liabilities:US:Chase:Slate                       -21.82 USD
  Expenses:Food:Restaurant                          21.82 USD

2022-07-19 * "China Garden" "Eating out with Julie"
  Liabilities:US:Chase:Slate                       -52.00 USD
  Expenses:Food:Restaurant                          52.00 USD

2022-07-20 * "Kin Soy" "Eating out with work buddies"
  Liabilities:US:Chase:Slate                       -35.66 USD
  Expenses:Food:Restaurant                          35.66 USD

2022-07-23 * "Jewel of Morroco" "Eating out with work buddies"
  Liabilities:US:Chase:Slate                       -38.61 USD
  Expenses:Food:Restaurant                          38.61 USD

2022-07-28 balance Liabilities:US:Chase:Slate    -1139.01 USD

2022-07-28 * "China Garden" "Eating out after work"
  Liabilities:US:Chase:Slate                       -27.55 USD
  Expenses:Food:Restaurant                          27.55 USD

2022-07-29 * "Metro Transport Authority" "Tram tickets"
  Liabilities:US:Chase:Slate                      -120.00 USD
  Expenses:Transport:Tram                          120.00 USD

2022-07-30 * "Farmer Fresh" "Buying groceries"
  Liabilities:US:Chase:Slate                      -103.81 USD
  Expenses:Food:Groceries                          103.81 USD

2022-07-31 * "Cafe Modagor" "Eating out with Natasha"
  Liabilities:US:Chase:Slate                       -70.78 USD
  Expenses:Food:Restaurant                          70.78 USD

2022-08-03 * "Goba Goba" "Eating out "
  Liabilities:US:Chase:Slate                       -30.19 USD
  Expenses:Food:Restaurant                          30.19 USD

2022-08-04 * "Cafe Modagor" "Eating out with Natasha"
  Liabilities:US:Chase:Slate                       -28.52 USD
  Expenses:Food:Restaurant                          28.52 USD

2022-08-05 * "Kin Soy" "Eating out with Joe"
  Liabilities:US:Chase:Slate                       -33.89 USD
  Expenses:Food:Restaurant                          33.89 USD

2022-08-06 * "Rose Flower" "Eating out alone"
  Liabilities:US:Chase:Slate                       -42.53 USD
  Expenses:Food:Restaurant                          42.53 USD

2022-08-09 * "Cafe Modagor" "Eating out with Bill"
  Liabilities:US:Chase:Slate                       -24.55 USD
  Expenses:Food:Restaurant                          24.55 USD

2022-08-10 * "Chichipotle" "Eating out alone"
  Liabilities:US:Chase:Slate                       -59.57 USD
  Expenses:Food:Restaurant                          59.57 USD

2022-08-10 * "Chase:Slate" "Paying off credit card"
  Liabilities:US:Chase:Slate                       818.05 USD
  Assets:US:BofA:Checking                         -818.05 USD

2022-08-11 * "Onion Market" "Buying groceries"
  Liabilities:US:Chase:Slate                       -72.05 USD
  Expenses:Food:Groceries                           72.05 USD

2022-08-14 * "Cafe Modagor" "Eating out with Natasha"
  Liabilities:US:Chase:Slate                       -29.57 USD
  Expenses:Food:Restaurant                          29.57 USD

2022-08-18 * "Cafe Modagor" "Eating out with Natasha"
  Liabilities:US:Chase:Slate                       -16.10 USD
  Expenses:Food:Restaurant                          16.10 USD

2022-08-19 balance Liabilities:US:Chase:Slate     -980.07 USD

2022-08-21 * "Jewel of Morroco" "Eating out with Bill"
  Liabilities:US:Chase:Slate                       -27.01 USD
  Expenses:Food:Restaurant                          27.01 USD

2022-08-26 * "China Garden" "Eating out with Bill"
  Liabilities:US:Chase:Slate                       -22.23 USD
  Expenses:Food:Restaurant                          22.23 USD

2022-08-26 * "Metro Transport Authority" "Tram tickets"
  Liabilities:US:Chase:Slate                      -120.00 USD
  Expenses:Transport:Tram                          120.00 USD

2022-08-29 * "Chichipotle" "Eating out with work buddies"
  Liabilities:US:Chase:Slate                       -28.93 USD
  Expenses:Food:Restaurant                          28.93 USD

2022-08-29 * "Farmer Fresh" "Buying groceries"
  Liabilities:US:Chase:Slate                       -90.78 USD
  Expenses:Food:Groceries                           90.78 USD

2022-09-02 * "Kin Soy" "Eating out alone"
  Liabilities:US:Chase:Slate                       -46.59 USD
  Expenses:Food:Restaurant                          46.59 USD

2022-09-04 * "Chichipotle" "Eating out with work buddies"
  Liabilities:US:Chase:Slate                       -74.14 USD
  Expenses:Food:Restaurant                          74.14 USD

2022-09-06 * "Cafe Modagor" "Eating out with Joe"
  Liabilities:US:Chase:Slate                       -30.04 USD
  Expenses:Food:Restaurant                          30.04 USD

2022-09-07 * "Chase:Slate" "Paying off credit card"
  Liabilities:US:Chase:Slate                       669.72 USD
  Assets:US:BofA:Checking                         -669.72 USD

2022-09-08 * "Farmer Fresh" "Buying groceries"
  Liabilities:US:Chase:Slate                      -112.28 USD
  Expenses:Food:Groceries                          112.28 USD

2022-09-11 * "Uncle Boons" "Eating out with Natasha"
  Liabilities:US:Chase:Slate                       -37.03 USD
  Expenses:Food:Restaurant                          37.03 USD

2022-09-13 * "Good Moods Market" "Buying groceries"
  Liabilities:US:Chase:Slate                       -79.42 USD
  Expenses:Food:Groceries                           79.42 USD

2022-09-14 event "location" "New York"

2022-09-15 balance Liabilities:US:Chase:Slate     -978.80 USD

2022-09-15 * "Uncle Boons" "" #trip-new-york-2022
  Liabilities:US:Chase:Slate                       -35.25 USD
  Expenses:Food:Restaurant                          35.25 USD

2022-09-15 * "Cafe Select" "" #trip-new-york-2022
  Liabilities:US:Chase:Slate                       -24.40 USD
  Expenses:Food:Restaurant                          24.40 USD

2022-09-15 * "Gimme! Coffee" "" #trip-new-york-2022
  Liabilities:US:Chase:Slate                        -9.63 USD
  Expenses:Food:Coffee                               9.63 USD

2022-09-16 * "Takahachi" "" #trip-new-york-2022
  Liabilities:US:Chase:Slate                       -48.95 USD
  Expenses:Food:Restaurant                          48.95 USD

2022-09-16 * "Laut" "" #trip-new-york-2022
  Liabilities:US:Chase:Slate                       -37.37 USD
  Expenses:Food:Restaurant                          37.37 USD

2022-09-18 * "Laut" "" #trip-new-york-2022
  Liabilities:US:Chase:Slate                       -34.18 USD
  Expenses:Food:Restaurant                          34.18 USD

2022-09-18 * "La Colombe" "" #trip-new-york-2022
  Liabilities:US:Chase:Slate                        -4.45 USD
  Expenses:Food:Coffee                               4.45 USD

2022-09-18 * "Gimme! Coffee" "" #trip-new-york-2022
  Liabilities:US:Chase:Slate                        -6.90 USD
  Expenses:Food:Coffee                               6.90 USD

2022-09-19 * "Cafe Select" "" #trip-new-york-2022
  Liabilities:US:Chase:Slate                       -28.91 USD
  Expenses:Food:Restaurant                          28.91 USD

2022-09-19 * "Takahachi" "" #trip-new-york-2022
  Liabilities:US:Chase:Slate                       -41.26 USD
  Expenses:Food:Restaurant                          41.26 USD

2022-09-20 * "Cafe Select" "" #trip-new-york-2022
  Liabilities:US:Chase:Slate                       -33.75 USD
  Expenses:Food:Restaurant                          33.75 USD

2022-09-21 * "Laut" "" #trip-new-york-2022
  Liabilities:US:Chase:Slate                       -35.07 USD
  Expenses:Food:Restaurant                          35.07 USD

2022-09-22 * "Cafe Select" "" #trip-new-york-2022
  Liabilities:US:Chase:Slate                       -28.72 USD
  Expenses:Food:Restaurant                          28.72 USD

2022-09-23 * "Takahachi" "" #trip-new-york-2022
  Liabilities:US:Chase:Slate                       -52.24 USD
  Expenses:Food:Restaurant                          52.24 USD

2022-09-24 * "Cafe Select" "" #trip-new-york-2022
  Liabilities:US:Chase:Slate                       -23.20 USD
  Expenses:Food:Restaurant                          23.20 USD

2022-09-24 * "Laut" "" #trip-new-york-2022
  Liabilities:US:Chase:Slate                       -30.03 USD
  Expenses:Food:Restaurant                          30.03 USD

2022-09-25 * "Goba Goba" "Eating out after work"
  Liabilities:US:Chase:Slate                       -37.03 USD
  Expenses:Food:Restaurant                          37.03 USD

2022-09-25 * "Uncle Boons" "" #trip-new-york-2022
  Liabilities:US:Chase:Slate                       -49.05 USD
  Expenses:Food:Restaurant                          49.05 USD

2022-09-25 * "Takahachi" "" #trip-new-york-2022
  Liabilities:US:Chase:Slate                       -51.58 USD
  Expenses:Food:Restaurant                          51.58 USD

2022-09-25 * "La Colombe" "" #trip-new-york-2022
  Liabilities:US:Chase:Slate                        -5.00 USD
  Expenses:Food:Coffee                               5.00 USD

2022-09-25 * "Consume vacation days"
  Assets:US:BayBook:Vacation                          -88 VACHR
  Expenses:Vacation                                    88 VACHR

2022-09-25 event "location" "New Metropolis"

2022-09-26 * "Rose Flower" "Eating out after work"
  Liabilities:US:Chase:Slate                       -32.18 USD
  Expenses:Food:Restaurant                          32.18 USD

2022-09-30 * "Kin Soy" "Eating out with work buddies"
  Liabilities:US:Chase:Slate                       -27.10 USD
  Expenses:Food:Restaurant                          27.10 USD

2022-10-03 * "Corner Deli" "Buying groceries"
  Liabilities:US:Chase:Slate                       -66.95 USD
  Expenses:Food:Groceries                           66.95 USD

2022-10-05 balance Liabilities:US:Chase:Slate    -1722.00 USD

2022-10-05 * "Uncle Boons" "Eating out with work buddies"
  Liabilities:US:Chase:Slate                       -47.18 USD
  Expenses:Food:Restaurant                          47.18 USD

2022-10-08 * "Cafe Modagor" "Eating out with work buddies"
  Liabilities:US:Chase:Slate                       -19.57 USD
  Expenses:Food:Restaurant                          19.57 USD

2022-10-11 * "Chase:Slate" "Paying off credit card"
  Liabilities:US:Chase:Slate                       363.64 USD
  Assets:US:BofA:Checking                         -363.64 USD

2022-10-13 * "Uncle Boons" "Eating out with Natasha"
  Liabilities:US:Chase:Slate                       -17.18 USD
  Expenses:Food:Restaurant                          17.18 USD

2022-10-16 * "Onion Market" "Buying groceries"
  Liabilities:US:Chase:Slate                       -62.95 USD
  Expenses:Food:Groceries                           62.95 USD

2022-10-17 * "Rose Flower" "Eating out after work"
  Liabilities:US:Chase:Slate                       -24.59 USD
  Expenses:Food:Restaurant                          24.59 USD

2022-10-19 * "Rose Flower" "Eating out "
  Liabilities:US:Chase:Slate                       -22.90 USD
  Expenses:Food:Restaurant                          22.90 USD

2022-10-20 * "Metro Transport Authority" "Tram tickets"
  Liabilities:US:Chase:Slate                      -120.00 USD
  Expenses:Transport:Tram                          120.00 USD

2022-10-22 * "Jewel of Morroco" "Eating out "
  Liabilities:US:Chase:Slate                       -20.99 USD
  Expenses:Food:Restaurant                          20.99 USD

2022-10-26 * "Goba Goba" "Eating out "
  Liabilities:US:Chase:Slate                       -19.23 USD
  Expenses:Food:Restaurant                          19.23 USD

2022-10-27 * "Kin Soy" "Eating out with Bill"
  Liabilities:US:Chase:Slate                       -24.06 USD
  Expenses:Food:Restaurant                          24.06 USD

2022-10-28 * "Kin Soy" "Eating out with Julie"
  Liabilities:US:Chase:Slate                       -16.77 USD
  Expenses:Food:Restaurant                          16.77 USD

2022-11-01 * "Jewel of Morroco" "Eating out with Natasha"
  Liabilities:US:Chase:Slate                       -15.32 USD
  Expenses:Food:Restaurant                          15.32 USD

2022-11-02 balance Liabilities:US:Chase:Slate    -1769.10 USD

2022-11-02 * "Kin Soy" "Eating out after work"
  Liabilities:US:Chase:Slate                       -11.55 USD
  Expenses:Food:Restaurant                          11.55 USD

2022-11-04 * "China Garden" "Eating out alone"
  Liabilities:US:Chase:Slate                       -25.56 USD
  Expenses:Food:Restaurant                          25.56 USD

2022-11-05 * "Corner Deli" "Buying groceries"
  Liabilities:US:Chase:Slate                       -87.20 USD
  Expenses:Food:Groceries                           87.20 USD

2022-11-07 * "Kin Soy" "Eating out with Julie"
  Liabilities:US:Chase:Slate                       -22.31 USD
  Expenses:Food:Restaurant                          22.31 USD

2022-11-08 * "Chase:Slate" "Paying off credit card"
  Liabilities:US:Chase:Slate                       515.29 USD
  Assets:US:BofA:Checking                         -515.29 USD

2022-11-12 * "China Garden" "Eating out with Natasha"
  Liabilities:US:Chase:Slate                       -41.86 USD
  Expenses:Food:Restaurant                          41.86 USD

2022-11-13 * "Rose Flower" "Eating out with Natasha"
  Liabilities:US:Chase:Slate                       -15.87 USD
  Expenses:Food:Restaurant                          15.87 USD

2022-11-15 * "Good Moods Market" "Buying groceries"
  Liabilities:US:Chase:Slate                      -122.21 USD
  Expenses:Food:Groceries                          122.21 USD

2022-11-18 * "Kin Soy" "Eating out alone"
  Liabilities:US:Chase:Slate                       -42.50 USD
  Expenses:Food:Restaurant                          42.50 USD

2022-11-22 * "Metro Transport Authority" "Tram tickets"
  Liabilities:US:Chase:Slate                      -120.00 USD
  Expenses:Transport:Tram                          120.00 USD

2022-11-23 * "Jewel of Morroco" "Eating out after work"
  Liabilities:US:Chase:Slate                       -25.24 USD
  Expenses:Food:Restaurant                          25.24 USD

2022-11-25 * "Uncle Boons" "Eating out alone"
  Liabilities:US:Chase:Slate                       -27.79 USD
  Expenses:Food:Restaurant                          27.79 USD

2022-11-25 * "Good Moods Market" "Buying groceries"
  Liabilities:US:Chase:Slate                       -91.37 USD
  Expenses:Food:Groceries                           91.37 USD

2022-11-29 * "Jewel of Morroco" "Eating out with Julie"
  Liabilities:US:Chase:Slate                       -19.27 USD
  Expenses:Food:Restaurant                          19.27 USD

2022-12-01 balance Liabilities:US:Chase:Slate    -1906.54 USD

2022-12-04 * "Chichipotle" "Eating out with Bill"
  Liabilities:US:Chase:Slate                       -28.27 USD
  Expenses:Food:Restaurant                          28.27 USD

2022-12-07 * "Onion Market" "Buying groceries"
  Liabilities:US:Chase:Slate                       -65.57 USD
  Expenses:Food:Groceries                           65.57 USD

2022-12-08 * "Chichipotle" "Eating out "
  Liabilities:US:Chase:Slate                       -25.16 USD
  Expenses:Food:Restaurant                          25.16 USD

2022-12-10 * "Chichipotle" "Eating out "
  Liabilities:US:Chase:Slate                       -34.05 USD
  Expenses:Food:Restaurant                          34.05 USD

2022-12-10 * "Chase:Slate" "Paying off credit card"
  Liabilities:US:Chase:Slate                       617.30 USD
  Assets:US:BofA:Checking                         -617.30 USD

2022-12-14 * "Uncle Boons" "Eating out with Joe"
  Liabilities:US:Chase:Slate                       -30.91 USD
  Expenses:Food:Restaurant                          30.91 USD

2022-12-15 * "Cafe Modagor" "Eating out with Natasha"
  Liabilities:US:Chase:Slate                       -23.09 USD
  Expenses:Food:Restaurant                          23.09 USD

2022-12-17 * "Kin Soy" "Eating out with Julie"
  Liabilities:US:Chase:Slate                       -25.15 USD
  Expenses:Food:Restaurant                          25.15 USD

2022-12-19 * "Metro Transport Authority" "Tram tickets"
  Liabilities:US:Chase:Slate                      -120.00 USD
  Expenses:Transport:Tram                          120.00 USD

2022-12-20 * "Kin Soy" "Eating out with Joe"
  Liabilities:US:Chase:Slate                       -44.78 USD
  Expenses:Food:Restaurant                          44.78 USD

2022-12-21 * "Jewel of Morroco" "Eating out with Julie"
  Liabilities:US:Chase:Slate                       -24.73 USD
  Expenses:Food:Restaurant                          24.73 USD

2022-12-23 * "China Garden" "Eating out with Joe"
  Liabilities:US:Chase:Slate                       -19.98 USD
  Expenses:Food:Restaurant                          19.98 USD

2022-12-23 * "Onion Market" "Buying groceries"
  Liabilities:US:Chase:Slate                      -101.18 USD
  Expenses:Food:Groceries                          101.18 USD

2022-12-25 * "Chichipotle" "Eating out with work buddies"
  Liabilities:US:Chase:Slate                       -93.77 USD
  Expenses:Food:Restaurant                          93.77 USD

2022-12-29 * "Kin Soy" "Eating out with Bill"
  Liabilities:US:Chase:Slate                       -28.02 USD
  Expenses:Food:Restaurant                          28.02 USD

2022-12-30 balance Liabilities:US:Chase:Slate    -1953.90 USD

2023-01-01 * "Rose Flower" "Eating out alone"
  Liabilities:US:Chase:Slate                       -32.11 USD
  Expenses:Food:Restaurant                          32.11 USD

2023-01-04 * "Good Moods Market" "Buying groceries"
  Liabilities:US:Chase:Slate                       -74.14 USD
  Expenses:Food:Groceries                           74.14 USD

2023-01-05 * "Kin Soy" "Eating out with Julie"
  Liabilities:US:Chase:Slate                       -30.25 USD
  Expenses:Food:Restaurant                          30.25 USD

2023-01-09 * "Chase:Slate" "Paying off credit card"
  Liabilities:US:Chase:Slate                       690.85 USD
  Assets:US:BofA:Checking                         -690.85 USD

2023-01-10 * "China Garden" "Eating out with Joe"
  Liabilities:US:Chase:Slate                       -42.74 USD
  Expenses:Food:Restaurant                          42.74 USD

2023-01-10 * "Onion Market" "Buying groceries"
  Liabilities:US:Chase:Slate                       -59.39 USD
  Expenses:Food:Groceries                           59.39 USD

2023-01-15 * "Uncle Boons" "Eating out with work buddies"
  Liabilities:US:Chase:Slate                       -33.14 USD
  Expenses:Food:Restaurant                          33.14 USD

2023-01-15 * "Metro Transport Authority" "Tram tickets"
  Liabilities:US:Chase:Slate                      -120.00 USD
  Expenses:Transport:Tram                          120.00 USD

2023-01-19 * "China Garden" "Eating out "
  Liabilities:US:Chase:Slate                       -69.89 USD
  Expenses:Food:Restaurant                          69.89 USD

2023-01-24 * "Uncle Boons" "Eating out with Julie"
  Liabilities:US:Chase:Slate                       -22.75 USD
  Expenses:Food:Restaurant                          22.75 USD

2023-01-25 * "Corner Deli" "Buying groceries"
  Liabilities:US:Chase:Slate                      -102.06 USD
  Expenses:Food:Groceries                          102.06 USD

2023-01-26 * "Chichipotle" "Eating out with Natasha"
  Liabilities:US:Chase:Slate                       -31.31 USD
  Expenses:Food:Restaurant                          31.31 USD

2023-01-27 balance Liabilities:US:Chase:Slate    -1880.83 USD

2023-01-31 * "Chichipotle" "Eating out with Natasha"
  Liabilities:US:Chase:Slate                       -36.79 USD
  Expenses:Food:Restaurant                          36.79 USD

2023-02-05 * "China Garden" "Eating out "
  Liabilities:US:Chase:Slate                       -49.50 USD
  Expenses:Food:Restaurant                          49.50 USD

2023-02-08 * "Onion Market" "Buying groceries"
  Liabilities:US:Chase:Slate                       -52.33 USD
  Expenses:Food:Groceries                           52.33 USD

2023-02-10 * "Chichipotle" "Eating out with Julie"
  Liabilities:US:Chase:Slate                       -50.43 USD
  Expenses:Food:Restaurant                          50.43 USD

2023-02-10 * "Chase:Slate" "Paying off credit card"
  Liabilities:US:Chase:Slate                       627.59 USD
  Assets:US:BofA:Checking                         -627.59 USD

2023-02-12 * "Metro Transport Authority" "Tram tickets"
  Liabilities:US:Chase:Slate                      -120.00 USD
  Expenses:Transport:Tram                          120.00 USD

2023-02-14 * "Uncle Boons" "Eating out with work buddies"
  Liabilities:US:Chase:Slate                       -29.03 USD
  Expenses:Food:Restaurant                          29.03 USD

2023-02-16 * "Good Moods Market" "Buying groceries"
  Liabilities:US:Chase:Slate                       -60.59 USD
  Expenses:Food:Groceries                           60.59 USD

2023-02-17 balance Liabilities:US:Chase:Slate    -1651.91 USD

2023-02-19 * "Jewel of Morroco" "Eating out after work"
  Liabilities:US:Chase:Slate                       -15.31 USD
  Expenses:Food:Restaurant                          15.31 USD

2023-02-24 * "Jewel of Morroco" "Eating out with Joe"
  Liabilities:US:Chase:Slate                       -24.00 USD
  Expenses:Food:Restaurant                          24.00 USD

2023-02-25 * "China Garden" "Eating out with Julie"
  Liabilities:US:Chase:Slate                       -36.74 USD
  Expenses:Food:Restaurant                          36.74 USD

2023-02-27 * "Chichipotle" "Eating out with Joe"
  Liabilities:US:Chase:Slate                       -76.11 USD
  Expenses:Food:Restaurant                          76.11 USD

2023-02-27 * "Onion Market" "Buying groceries"
  Liabilities:US:Chase:Slate                      -134.57 USD
  Expenses:Food:Groceries                          134.57 USD

2023-03-04 * "Goba Goba" "Eating out with Joe"
  Liabilities:US:Chase:Slate                       -18.61 USD
  Expenses:Food:Restaurant                          18.61 USD

2023-03-06 * "China Garden" "Eating out with Julie"
  Liabilities:US:Chase:Slate                       -34.51 USD
  Expenses:Food:Restaurant                          34.51 USD

2023-03-07 * "Chase:Slate" "Paying off credit card"
  Liabilities:US:Chase:Slate                       618.38 USD
  Assets:US:BofA:Checking                         -618.38 USD

2023-03-08 * "Corner Deli" "Buying groceries"
  Liabilities:US:Chase:Slate                       -68.91 USD
  Expenses:Food:Groceries                           68.91 USD

2023-03-09 * "Cafe Modagor" "Eating out with work buddies"
  Liabilities:US:Chase:Slate                       -21.81 USD
  Expenses:Food:Restaurant                          21.81 USD

2023-03-11 * "China Garden" "Eating out with Natasha"
  Liabilities:US:Chase:Slate                       -38.79 USD
  Expenses:Food:Restaurant                          38.79 USD

2023-03-12 * "China Garden" "Eating out with Julie"
  Liabilities:US:Chase:Slate                       -40.70 USD
  Expenses:Food:Restaurant                          40.70 USD

2023-03-12 * "Metro Transport Authority" "Tram tickets"
  Liabilities:US:Chase:Slate                      -120.00 USD
  Expenses:Transport:Tram                          120.00 USD

2023-03-14 * "Kin Soy" "Eating out with Joe"
  Liabilities:US:Chase:Slate                       -37.18 USD
  Expenses:Food:Restaurant                          37.18 USD

2023-03-18 balance Liabilities:US:Chase:Slate    -1700.77 USD

2023-03-18 * "Chichipotle" "Eating out with Julie"
  Liabilities:US:Chase:Slate                       -19.84 USD
  Expenses:Food:Restaurant                          19.84 USD

2023-03-18 * "Farmer Fresh" "Buying groceries"
  Liabilities:US:Chase:Slate                       -91.15 USD
  Expenses:Food:Groceries                           91.15 USD

2023-03-21 * "Uncle Boons" "Eating out with Joe"
  Liabilities:US:Chase:Slate                       -19.03 USD
  Expenses:Food:Restaurant                          19.03 USD

2023-03-23 * "Onion Market" "Buying groceries"
  Liabilities:US:Chase:Slate                       -98.84 USD
  Expenses:Food:Groceries                           98.84 USD

2023-03-26 * "Kin Soy" "Eating out with Joe"
  Liabilities:US:Chase:Slate                       -10.64 USD
  Expenses:Food:Restaurant                          10.64 USD

2023-03-30 * "China Garden" "Eating out with Joe"
  Liabilities:US:Chase:Slate                       -21.69 USD
  Expenses:Food:Restaurant                          21.69 USD

2023-04-03 * "Uncle Boons" "Eating out with Natasha"
  Liabilities:US:Chase:Slate                       -35.51 USD
  Expenses:Food:Restaurant                          35.51 USD

2023-04-04 * "Onion Market" "Buying groceries"
  Liabilities:US:Chase:Slate                       -74.09 USD
  Expenses:Food:Groceries                           74.09 USD

2023-04-07 * "Uncle Boons" "Eating out after work"
  Liabilities:US:Chase:Slate                       -16.46 USD
  Expenses:Food:Restaurant                          16.46 USD

2023-04-09 balance Liabilities:US:Chase:Slate    -2088.02 USD

2023-04-09 * "Uncle Boons" "Eating out alone"
  Liabilities:US:Chase:Slate                       -24.83 USD
  Expenses:Food:Restaurant                          24.83 USD

2023-04-10 * "Metro Transport Authority" "Tram tickets"
  Liabilities:US:Chase:Slate                      -120.00 USD
  Expenses:Transport:Tram                          120.00 USD

2023-04-12 * "Goba Goba" "Eating out alone"
  Liabilities:US:Chase:Slate                       -28.11 USD
  Expenses:Food:Restaurant                          28.11 USD



* Taxable Investments

2021-01-01 open Assets:US:ETrade:Cash                       USD
2021-01-01 open Assets:US:ETrade:ITOT                       ITOT
2021-01-01 open Assets:US:ETrade:VEA                       VEA
2021-01-01 open Assets:US:ETrade:VHT                       VHT
2021-01-01 open Assets:US:ETrade:GLD                       GLD
2021-01-01 open Income:US:ETrade:PnL                        USD
2021-01-01 open Income:US:ETrade:ITOT:Dividend              USD
2021-01-01 open Income:US:ETrade:VEA:Dividend              USD
2021-01-01 open Income:US:ETrade:VHT:Dividend              USD
2021-01-01 open Income:US:ETrade:GLD:Dividend              USD

2021-09-17 * "Buy shares of ITOT"
  Assets:US:ETrade:Cash                           -873.45 USD
  Assets:US:ETrade:ITOT                                10 ITOT {86.45 USD, 2021-09-17}
  Expenses:Financial:Commissions                     8.95 USD

2021-09-17 * "Buy shares of GLD"
  Assets:US:ETrade:Cash                           -810.73 USD
  Assets:US:ETrade:GLD                                  6 GLD {133.63 USD, 2021-09-17}
  Expenses:Financial:Commissions                     8.95 USD

2021-09-17 * "Buy shares of VEA"
  Assets:US:ETrade:Cash                           -819.99 USD
  Assets:US:ETrade:VEA                                  4 VEA {202.76 USD, 2021-09-17}
  Expenses:Financial:Commissions                     8.95 USD

2021-09-17 * "Buy shares of VHT"
  Assets:US:ETrade:Cash                           -744.51 USD
  Assets:US:ETrade:VHT                                  4 VHT {183.89 USD, 2021-09-17}
  Expenses:Financial:Commissions                     8.95 USD

2021-09-18 * "Dividends on portfolio"
  Assets:US:ETrade:Cash                             12.85 USD
  Income:US:ETrade:VEA:Dividend                    -12.85 USD

2021-11-07 * "Sell shares of VHT"
  Assets:US:ETrade:VHT                                 -4 VHT {183.89 USD, 2021-09-17} @ 192.99 USD
  Assets:US:ETrade:Cash                            763.01 USD
  Expenses:Financial:Commissions                     8.95 USD
  Income:US:ETrade:PnL                             -36.40 USD

2021-11-23 * "Buy shares of VHT"
  Assets:US:ETrade:Cash                          -5483.51 USD
  Assets:US:ETrade:VHT                                 28 VHT {195.52 USD, 2021-11-23}
  Expenses:Financial:Commissions                     8.95 USD

2021-12-12 * "Sell shares of VHT"
  Assets:US:ETrade:VHT                                -28 VHT {195.52 USD, 2021-11-23} @ 204.22 USD
  Assets:US:ETrade:Cash                           5709.21 USD
  Expenses:Financial:Commissions                     8.95 USD
  Income:US:ETrade:PnL                            -243.60 USD

2021-12-13 * "Buy shares of VEA"
  Assets:US:ETrade:Cash                          -1702.15 USD
  Assets:US:ETrade:VEA                                  8 VEA {211.65 USD, 2021-12-13}
  Expenses:Financial:Commissions                     8.95 USD

2021-12-13 * "Buy shares of VHT"
  Assets:US:ETrade:Cash                          -1846.93 USD
  Assets:US:ETrade:VHT                                  9 VHT {204.22 USD, 2021-12-13}
  Expenses:Financial:Commissions                     8.95 USD

2021-12-13 * "Buy shares of ITOT"
  Assets:US:ETrade:Cash                          -1832.31 USD
  Assets:US:ETrade:ITOT                                22 ITOT {82.88 USD, 2021-12-13}
  Expenses:Financial:Commissions                     8.95 USD

2021-12-17 * "Dividends on portfolio"
  Assets:US:ETrade:Cash                             56.17 USD
  Income:US:ETrade:GLD:Dividend                    -56.17 USD

2021-12-23 * "Sell shares of ITOT"
  Assets:US:ETrade:ITOT                               -10 ITOT {86.45 USD, 2021-09-17} @ 83.40 USD
  Assets:US:ETrade:Cash                            825.05 USD
  Expenses:Financial:Commissions                     8.95 USD
  Income:US:ETrade:PnL                              30.50 USD

2022-01-05 * "Buy shares of VEA"
  Assets:US:ETrade:Cash                          -1042.95 USD
  Assets:US:ETrade:VEA                                  5 VEA {206.80 USD, 2022-01-05}
  Expenses:Financial:Commissions                     8.95 USD

2022-02-08 * "Sell shares of VHT"
  Assets:US:ETrade:VHT                                 -9 VHT {204.22 USD, 2021-12-13} @ 216.23 USD
  Assets:US:ETrade:Cash                           1937.12 USD
  Expenses:Financial:Commissions                     8.95 USD
  Income:US:ETrade:PnL                            -108.09 USD

2022-02-25 * "Buy shares of ITOT"
  Assets:US:ETrade:Cash                           -550.75 USD
  Assets:US:ETrade:ITOT                                 7 ITOT {77.40 USD, 2022-02-25}
  Expenses:Financial:Commissions                     8.95 USD

2022-02-25 * "Buy shares of VHT"
  Assets:US:ETrade:Cash                           -439.73 USD
  Assets:US:ETrade:VHT                                  2 VHT {215.39 USD, 2022-02-25}
  Expenses:Financial:Commissions                     8.95 USD

2022-02-25 * "Buy shares of VEA"
  Assets:US:ETrade:Cash                           -443.31 USD
  Assets:US:ETrade:VEA                                  2 VEA {217.18 USD, 2022-02-25}
  Expenses:Financial:Commissions                     8.95 USD

2022-03-02 * "Sell shares of ITOT"
  Assets:US:ETrade:ITOT                               -22 ITOT {82.88 USD, 2021-12-13} @ 77.40 USD
  Assets:US:ETrade:Cash                           1693.85 USD
  Expenses:Financial:Commissions                     8.95 USD
  Income:US:ETrade:PnL                             120.56 USD

2022-03-11 * "Buy shares of VHT"
  Assets:US:ETrade:Cash                          -1069.05 USD
  Assets:US:ETrade:VHT                                  5 VHT {212.02 USD, 2022-03-11}
  Expenses:Financial:Commissions                     8.95 USD

2022-03-11 * "Buy shares of VEA"
  Assets:US:ETrade:Cash                           -894.71 USD
  Assets:US:ETrade:VEA                                  4 VEA {221.44 USD, 2022-03-11}
  Expenses:Financial:Commissions                     8.95 USD

2022-03-18 * "Dividends on portfolio"
  Assets:US:ETrade:Cash                             73.72 USD
  Income:US:ETrade:ITOT:Dividend                   -73.72 USD

2022-05-30 * "Sell shares of VHT"
  Assets:US:ETrade:VHT                                 -2 VHT {215.39 USD, 2022-02-25} @ 211.29 USD
  Assets:US:ETrade:Cash                            413.63 USD
  Expenses:Financial:Commissions                     8.95 USD
  Income:US:ETrade:PnL                               8.20 USD

2022-06-18 * "Dividends on portfolio"
  Assets:US:ETrade:Cash                             73.72 USD
  Income:US:ETrade:ITOT:Dividend                   -73.72 USD

2022-08-03 * "Sell shares of VEA"
  Assets:US:ETrade:VEA                                 -8 VEA {211.65 USD, 2021-12-13} @ 232.96 USD
  Assets:US:ETrade:Cash                           1854.73 USD
  Expenses:Financial:Commissions                     8.95 USD
  Income:US:ETrade:PnL                            -170.48 USD

2022-08-24 * "Sell shares of VHT"
  Assets:US:ETrade:VHT                                 -5 VHT {212.02 USD, 2022-03-11} @ 212.58 USD
  Assets:US:ETrade:Cash                           1053.95 USD
  Expenses:Financial:Commissions                     8.95 USD
  Income:US:ETrade:PnL                              -2.80 USD

2022-09-05 * "Buy shares of ITOT"
  Assets:US:ETrade:Cash                          -3576.47 USD
  Assets:US:ETrade:ITOT                                44 ITOT {81.08 USD, 2022-09-05}
  Expenses:Financial:Commissions                     8.95 USD

2022-09-17 * "Buy shares of ITOT"
  Assets:US:ETrade:Cash                          -1100.43 USD
  Assets:US:ETrade:ITOT                                13 ITOT {83.96 USD, 2022-09-17}
  Expenses:Financial:Commissions                     8.95 USD

2022-09-17 * "Buy shares of VHT"
  Assets:US:ETrade:Cash                          -1106.95 USD
  Assets:US:ETrade:VHT                                  5 VHT {219.60 USD, 2022-09-17}
  Expenses:Financial:Commissions                     8.95 USD

2022-09-17 * "Buy shares of VEA"
  Assets:US:ETrade:Cash                           -946.35 USD
  Assets:US:ETrade:VEA                                  4 VEA {234.35 USD, 2022-09-17}
  Expenses:Financial:Commissions                     8.95 USD

2022-09-17 * "Buy shares of GLD"
  Assets:US:ETrade:Cash                          -1031.44 USD
  Assets:US:ETrade:GLD                                  7 GLD {146.07 USD, 2022-09-17}
  Expenses:Financial:Commissions                     8.95 USD

2022-09-18 * "Dividends on portfolio"
  Assets:US:ETrade:Cash                            104.58 USD
  Income:US:ETrade:ITOT:Dividend                  -104.58 USD

2022-09-21 * "Sell shares of VEA"
  Assets:US:ETrade:VEA                                 -2 VEA {217.18 USD, 2022-02-25} @ 234.35 USD
  Assets:US:ETrade:Cash                            459.75 USD
  Expenses:Financial:Commissions                     8.95 USD
  Income:US:ETrade:PnL                             -34.34 USD

2022-11-11 * "Buy shares of VEA"
  Assets:US:ETrade:Cash                          -4767.55 USD
  Assets:US:ETrade:VEA                                 20 VEA {237.93 USD, 2022-11-11}
  Expenses:Financial:Commissions                     8.95 USD

2022-12-01 * "Sell shares of VHT"
  Assets:US:ETrade:VHT                                 -5 VHT {219.60 USD, 2022-09-17} @ 205.43 USD
  Assets:US:ETrade:Cash                           1018.20 USD
  Expenses:Financial:Commissions                     8.95 USD
  Income:US:ETrade:PnL                              70.85 USD

2022-12-03 * "Buy shares of GLD"
  Assets:US:ETrade:Cash                           -433.09 USD
  Assets:US:ETrade:GLD                                  3 GLD {141.38 USD, 2022-12-03}
  Expenses:Financial:Commissions                     8.95 USD

2022-12-03 * "Buy shares of VHT"
  Assets:US:ETrade:Cash                           -416.39 USD
  Assets:US:ETrade:VHT                                  2 VHT {203.72 USD, 2022-12-03}
  Expenses:Financial:Commissions                     8.95 USD

2022-12-17 * "Dividends on portfolio"
  Assets:US:ETrade:Cash                            126.94 USD
  Income:US:ETrade:VEA:Dividend                   -126.94 USD

2023-03-10 * "Sell shares of ITOT"
  Assets:US:ETrade:ITOT                               -44 ITOT {81.08 USD, 2022-09-05} @ 88.12 USD
  Assets:US:ETrade:Cash                           3868.33 USD
  Expenses:Financial:Commissions                     8.95 USD
  Income:US:ETrade:PnL                            -309.76 USD

2023-03-18 * "Dividends on portfolio"
  Assets:US:ETrade:Cash                            126.94 USD
  Income:US:ETrade:VEA:Dividend                   -126.94 USD

2023-03-29 * "Buy shares of VEA"
  Assets:US:ETrade:Cash                          -1967.67 USD
  Assets:US:ETrade:VEA                                  8 VEA {244.84 USD, 2023-03-29}
  Expenses:Financial:Commissions                     8.95 USD

2023-03-29 * "Buy shares of VHT"
  Assets:US:ETrade:Cash                          -1941.34 USD
  Assets:US:ETrade:VHT                                  9 VHT {214.71 USD, 2023-03-29}
  Expenses:Financial:Commissions                     8.95 USD

2023-04-04 * "Buy shares of ITOT"
  Assets:US:ETrade:Cash                          -4164.69 USD
  Assets:US:ETrade:ITOT                                47 ITOT {88.42 USD, 2023-04-04}
  Expenses:Financial:Commissions                     8.95 USD



* Vanguard Investments

2021-01-01 open Assets:US:Vanguard:VBMPX                     VBMPX
  number: "882882"
2021-01-01 open Assets:US:Vanguard:RGAGX                     RGAGX
  number: "882882"
2021-01-01 open Assets:US:Vanguard                            USD
  address: "P.O. Box 1110, Valley Forge, PA 19482-1110"
  institution: "Vanguard Group"
  phone: "+1.800.523.1188"
2021-01-01 open Income:US:BayBook:Match401k                   USD
2021-01-01 open Assets:US:Vanguard:Cash                       USD
  number: "882882"

2021-01-08 * "Employer match for contribution"
  Assets:US:Vanguard:Cash                          600.00 USD
  Income:US:BayBook:Match401k                     -600.00 USD

2021-01-11 * "Investing 40% of cash in VBMPX"
  Assets:US:Vanguard:VBMPX                          4.352 VBMPX {110.29 USD, 2021-01-11}
  Assets:US:Vanguard:Cash                         -479.98 USD

2021-01-11 * "Investing 60% of cash in RGAGX"
  Assets:US:Vanguard:RGAGX                          7.590 RGAGX {94.86 USD, 2021-01-11}
  Assets:US:Vanguard:Cash                         -719.99 USD

2021-01-11 * "Investing 40% of cash in VBMPX"
  Assets:US:Vanguard:VBMPX                          2.176 VBMPX {110.29 USD, 2021-01-11}
  Assets:US:Vanguard:Cash                         -239.99 USD

2021-01-11 * "Investing 60% of cash in RGAGX"
  Assets:US:Vanguard:RGAGX                          3.795 RGAGX {94.86 USD, 2021-01-11}
  Assets:US:Vanguard:Cash                         -359.99 USD

2021-01-22 * "Employer match for contribution"
  Assets:US:Vanguard:Cash                          600.00 USD
  Income:US:BayBook:Match401k                     -600.00 USD

2021-01-25 * "Investing 40% of cash in VBMPX"
  Assets:US:Vanguard:VBMPX                          4.371 VBMPX {109.83 USD, 2021-01-25}
  Assets:US:Vanguard:Cash                         -480.07 USD

2021-01-25 * "Investing 60% of cash in RGAGX"
  Assets:US:Vanguard:RGAGX                          7.673 RGAGX {93.84 USD, 2021-01-25}
  Assets:US:Vanguard:Cash                         -720.03 USD

2021-01-25 * "Investing 40% of cash in VBMPX"
  Assets:US:Vanguard:VBMPX                          2.185 VBMPX {109.83 USD, 2021-01-25}
  Assets:US:Vanguard:Cash                         -239.98 USD

2021-01-25 * "Investing 60% of cash in RGAGX"
  Assets:US:Vanguard:RGAGX                          3.836 RGAGX {93.84 USD, 2021-01-25}
  Assets:US:Vanguard:Cash                         -359.97 USD

2021-02-05 * "Employer match for contribution"
  Assets:US:Vanguard:Cash                          600.00 USD
  Income:US:BayBook:Match401k                     -600.00 USD

2021-02-08 * "Investing 40% of cash in VBMPX"
  Assets:US:Vanguard:VBMPX                          4.412 VBMPX {108.79 USD, 2021-02-08}
  Assets:US:Vanguard:Cash                         -479.98 USD

2021-02-08 * "Investing 60% of cash in RGAGX"
  Assets:US:Vanguard:RGAGX                          7.810 RGAGX {92.19 USD, 2021-02-08}
  Assets:US:Vanguard:Cash                         -720.00 USD

2021-02-08 * "Investing 40% of cash in VBMPX"
  Assets:US:Vanguard:VBMPX                          2.206 VBMPX {108.79 USD, 2021-02-08}
  Assets:US:Vanguard:Cash                         -239.99 USD

2021-02-08 * "Investing 60% of cash in RGAGX"
  Assets:US:Vanguard:RGAGX                          3.905 RGAGX {92.19 USD, 2021-02-08}
  Assets:US:Vanguard:Cash                         -360.00 USD

2021-02-19 * "Employer match for contribution"
  Assets:US:Vanguard:Cash                          600.00 USD
  Income:US:BayBook:Match401k                     -600.00 USD

2021-02-22 * "Investing 40% of cash in VBMPX"
  Assets:US:Vanguard:VBMPX                          4.359 VBMPX {110.11 USD, 2021-02-22}
  Assets:US:Vanguard:Cash                         -479.97 USD

2021-02-22 * "Investing 60% of cash in RGAGX"
  Assets:US:Vanguard:RGAGX                          7.797 RGAGX {92.35 USD, 2021-02-22}
  Assets:US:Vanguard:Cash                         -720.05 USD

2021-02-22 * "Investing 40% of cash in VBMPX"
  Assets:US:Vanguard:VBMPX                          2.180 VBMPX {110.11 USD, 2021-02-22}
  Assets:US:Vanguard:Cash                         -240.04 USD

2021-02-22 * "Investing 60% of cash in RGAGX"
  Assets:US:Vanguard:RGAGX                          3.898 RGAGX {92.35 USD, 2021-02-22}
  Assets:US:Vanguard:Cash                         -359.98 USD

2021-03-05 * "Employer match for contribution"
  Assets:US:Vanguard:Cash                          600.00 USD
  Income:US:BayBook:Match401k                     -600.00 USD

2021-03-08 * "Investing 40% of cash in VBMPX"
  Assets:US:Vanguard:VBMPX                          4.360 VBMPX {110.08 USD, 2021-03-08}
  Assets:US:Vanguard:Cash                         -479.95 USD

2021-03-08 * "Investing 60% of cash in RGAGX"
  Assets:US:Vanguard:RGAGX                          7.877 RGAGX {91.41 USD, 2021-03-08}
  Assets:US:Vanguard:Cash                         -720.04 USD

2021-03-08 * "Investing 40% of cash in VBMPX"
  Assets:US:Vanguard:VBMPX                          2.180 VBMPX {110.08 USD, 2021-03-08}
  Assets:US:Vanguard:Cash                         -239.97 USD

2021-03-08 * "Investing 60% of cash in RGAGX"
  Assets:US:Vanguard:RGAGX                          3.938 RGAGX {91.41 USD, 2021-03-08}
  Assets:US:Vanguard:Cash                         -359.97 USD

2021-03-19 * "Employer match for contribution"
  Assets:US:Vanguard:Cash                          600.00 USD
  Income:US:BayBook:Match401k                     -600.00 USD

2021-03-22 * "Investing 40% of cash in VBMPX"
  Assets:US:Vanguard:VBMPX                          4.462 VBMPX {107.57 USD, 2021-03-22}
  Assets:US:Vanguard:Cash                         -479.98 USD

2021-03-22 * "Investing 60% of cash in RGAGX"
  Assets:US:Vanguard:RGAGX                          7.653 RGAGX {94.08 USD, 2021-03-22}
  Assets:US:Vanguard:Cash                         -719.99 USD

2021-03-22 * "Investing 40% of cash in VBMPX"
  Assets:US:Vanguard:VBMPX                          2.231 VBMPX {107.57 USD, 2021-03-22}
  Assets:US:Vanguard:Cash                         -239.99 USD

2021-03-22 * "Investing 60% of cash in RGAGX"
  Assets:US:Vanguard:RGAGX                          3.827 RGAGX {94.08 USD, 2021-03-22}
  Assets:US:Vanguard:Cash                         -360.04 USD

2021-04-02 * "Employer match for contribution"
  Assets:US:Vanguard:Cash                          600.00 USD
  Income:US:BayBook:Match401k                     -600.00 USD

2021-04-05 * "Investing 40% of cash in VBMPX"
  Assets:US:Vanguard:VBMPX                          4.412 VBMPX {108.80 USD, 2021-04-05}
  Assets:US:Vanguard:Cash                         -480.03 USD

2021-04-05 * "Investing 60% of cash in RGAGX"
  Assets:US:Vanguard:RGAGX                          7.937 RGAGX {90.72 USD, 2021-04-05}
  Assets:US:Vanguard:Cash                         -720.04 USD

2021-04-05 * "Investing 40% of cash in VBMPX"
  Assets:US:Vanguard:VBMPX                          2.206 VBMPX {108.80 USD, 2021-04-05}
  Assets:US:Vanguard:Cash                         -240.01 USD

2021-04-05 * "Investing 60% of cash in RGAGX"
  Assets:US:Vanguard:RGAGX                          3.968 RGAGX {90.72 USD, 2021-04-05}
  Assets:US:Vanguard:Cash                         -359.98 USD

2021-04-16 * "Employer match for contribution"
  Assets:US:Vanguard:Cash                          600.00 USD
  Income:US:BayBook:Match401k                     -600.00 USD

2021-04-19 * "Investing 40% of cash in VBMPX"
  Assets:US:Vanguard:VBMPX                          4.356 VBMPX {110.20 USD, 2021-04-19}
  Assets:US:Vanguard:Cash                         -480.03 USD

2021-04-19 * "Investing 60% of cash in RGAGX"
  Assets:US:Vanguard:RGAGX                          7.709 RGAGX {93.40 USD, 2021-04-19}
  Assets:US:Vanguard:Cash                         -720.02 USD

2021-04-19 * "Investing 40% of cash in VBMPX"
  Assets:US:Vanguard:VBMPX                          2.178 VBMPX {110.20 USD, 2021-04-19}
  Assets:US:Vanguard:Cash                         -240.02 USD

2021-04-19 * "Investing 60% of cash in RGAGX"
  Assets:US:Vanguard:RGAGX                          3.854 RGAGX {93.40 USD, 2021-04-19}
  Assets:US:Vanguard:Cash                         -359.96 USD

2021-04-30 * "Employer match for contribution"
  Assets:US:Vanguard:Cash                          600.00 USD
  Income:US:BayBook:Match401k                     -600.00 USD

2021-05-03 * "Investing 40% of cash in VBMPX"
  Assets:US:Vanguard:VBMPX                          4.383 VBMPX {109.52 USD, 2021-05-03}
  Assets:US:Vanguard:Cash                         -480.03 USD

2021-05-03 * "Investing 60% of cash in RGAGX"
  Assets:US:Vanguard:RGAGX                          7.880 RGAGX {91.37 USD, 2021-05-03}
  Assets:US:Vanguard:Cash                         -720.00 USD

2021-05-03 * "Investing 40% of cash in VBMPX"
  Assets:US:Vanguard:VBMPX                          2.191 VBMPX {109.52 USD, 2021-05-03}
  Assets:US:Vanguard:Cash                         -239.96 USD

2021-05-03 * "Investing 60% of cash in RGAGX"
  Assets:US:Vanguard:RGAGX                          3.940 RGAGX {91.37 USD, 2021-05-03}
  Assets:US:Vanguard:Cash                         -360.00 USD

2021-05-14 * "Employer match for contribution"
  Assets:US:Vanguard:Cash                          600.00 USD
  Income:US:BayBook:Match401k                     -600.00 USD

2021-05-17 * "Investing 40% of cash in VBMPX"
  Assets:US:Vanguard:VBMPX                          4.302 VBMPX {111.58 USD, 2021-05-17}
  Assets:US:Vanguard:Cash                         -480.02 USD

2021-05-17 * "Investing 60% of cash in RGAGX"
  Assets:US:Vanguard:RGAGX                          7.580 RGAGX {94.99 USD, 2021-05-17}
  Assets:US:Vanguard:Cash                         -720.02 USD

2021-05-17 * "Investing 40% of cash in VBMPX"
  Assets:US:Vanguard:VBMPX                          2.151 VBMPX {111.58 USD, 2021-05-17}
  Assets:US:Vanguard:Cash                         -240.01 USD

2021-05-17 * "Investing 60% of cash in RGAGX"
  Assets:US:Vanguard:RGAGX                          3.789 RGAGX {94.99 USD, 2021-05-17}
  Assets:US:Vanguard:Cash                         -359.92 USD

2021-05-28 * "Employer match for contribution"
  Assets:US:Vanguard:Cash                          600.00 USD
  Income:US:BayBook:Match401k                     -600.00 USD

2021-05-31 * "Investing 40% of cash in VBMPX"
  Assets:US:Vanguard:VBMPX                          4.296 VBMPX {111.73 USD, 2021-05-31}
  Assets:US:Vanguard:Cash                         -479.99 USD

2021-05-31 * "Investing 60% of cash in RGAGX"
  Assets:US:Vanguard:RGAGX                          7.694 RGAGX {93.58 USD, 2021-05-31}
  Assets:US:Vanguard:Cash                         -720.00 USD

2021-05-31 * "Investing 40% of cash in VBMPX"
  Assets:US:Vanguard:VBMPX                          2.148 VBMPX {111.73 USD, 2021-05-31}
  Assets:US:Vanguard:Cash                         -240.00 USD

2021-05-31 * "Investing 60% of cash in RGAGX"
  Assets:US:Vanguard:RGAGX                          3.847 RGAGX {93.58 USD, 2021-05-31}
  Assets:US:Vanguard:Cash                         -360.00 USD

2021-06-11 * "Employer match for contribution"
  Assets:US:Vanguard:Cash                          600.00 USD
  Income:US:BayBook:Match401k                     -600.00 USD

2021-06-14 * "Investing 40% of cash in VBMPX"
  Assets:US:Vanguard:VBMPX                          4.257 VBMPX {112.76 USD, 2021-06-14}
  Assets:US:Vanguard:Cash                         -480.02 USD

2021-06-14 * "Investing 60% of cash in RGAGX"
  Assets:US:Vanguard:RGAGX                          7.509 RGAGX {95.89 USD, 2021-06-14}
  Assets:US:Vanguard:Cash                         -720.04 USD

2021-06-14 * "Investing 40% of cash in VBMPX"
  Assets:US:Vanguard:VBMPX                          2.128 VBMPX {112.76 USD, 2021-06-14}
  Assets:US:Vanguard:Cash                         -239.95 USD

2021-06-14 * "Investing 60% of cash in RGAGX"
  Assets:US:Vanguard:RGAGX                          3.754 RGAGX {95.89 USD, 2021-06-14}
  Assets:US:Vanguard:Cash                         -359.97 USD

2021-06-25 * "Employer match for contribution"
  Assets:US:Vanguard:Cash                          600.00 USD
  Income:US:BayBook:Match401k                     -600.00 USD

2021-06-28 * "Investing 40% of cash in VBMPX"
  Assets:US:Vanguard:VBMPX                          4.277 VBMPX {112.24 USD, 2021-06-28}
  Assets:US:Vanguard:Cash                         -480.05 USD

2021-06-28 * "Investing 60% of cash in RGAGX"
  Assets:US:Vanguard:RGAGX                          7.589 RGAGX {94.88 USD, 2021-06-28}
  Assets:US:Vanguard:Cash                         -720.04 USD

2021-06-28 * "Investing 40% of cash in VBMPX"
  Assets:US:Vanguard:VBMPX                          2.138 VBMPX {112.24 USD, 2021-06-28}
  Assets:US:Vanguard:Cash                         -239.97 USD

2021-06-28 * "Investing 60% of cash in RGAGX"
  Assets:US:Vanguard:RGAGX                          3.794 RGAGX {94.88 USD, 2021-06-28}
  Assets:US:Vanguard:Cash                         -359.97 USD

2021-07-09 * "Employer match for contribution"
  Assets:US:Vanguard:Cash                          600.00 USD
  Income:US:BayBook:Match401k                     -600.00 USD

2021-07-12 * "Investing 40% of cash in VBMPX"
  Assets:US:Vanguard:VBMPX                          4.249 VBMPX {112.96 USD, 2021-07-12}
  Assets:US:Vanguard:Cash                         -479.97 USD

2021-07-12 * "Investing 60% of cash in RGAGX"
  Assets:US:Vanguard:RGAGX                          7.279 RGAGX {98.92 USD, 2021-07-12}
  Assets:US:Vanguard:Cash                         -720.04 USD

2021-07-12 * "Investing 40% of cash in VBMPX"
  Assets:US:Vanguard:VBMPX                          2.125 VBMPX {112.96 USD, 2021-07-12}
  Assets:US:Vanguard:Cash                         -240.04 USD

2021-07-12 * "Investing 60% of cash in RGAGX"
  Assets:US:Vanguard:RGAGX                          3.639 RGAGX {98.92 USD, 2021-07-12}
  Assets:US:Vanguard:Cash                         -359.97 USD

2021-07-23 * "Employer match for contribution"
  Assets:US:Vanguard:Cash                          600.00 USD
  Income:US:BayBook:Match401k                     -600.00 USD

2021-07-26 * "Investing 40% of cash in VBMPX"
  Assets:US:Vanguard:VBMPX                          4.222 VBMPX {113.70 USD, 2021-07-26}
  Assets:US:Vanguard:Cash                         -480.04 USD

2021-07-26 * "Investing 60% of cash in RGAGX"
  Assets:US:Vanguard:RGAGX                          7.419 RGAGX {97.05 USD, 2021-07-26}
  Assets:US:Vanguard:Cash                         -720.01 USD

2021-07-26 * "Investing 40% of cash in VBMPX"
  Assets:US:Vanguard:VBMPX                          2.111 VBMPX {113.70 USD, 2021-07-26}
  Assets:US:Vanguard:Cash                         -240.02 USD

2021-07-26 * "Investing 60% of cash in RGAGX"
  Assets:US:Vanguard:RGAGX                          3.709 RGAGX {97.05 USD, 2021-07-26}
  Assets:US:Vanguard:Cash                         -359.96 USD

2021-08-06 * "Employer match for contribution"
  Assets:US:Vanguard:Cash                          250.00 USD
  Income:US:BayBook:Match401k                     -250.00 USD

2021-08-09 * "Investing 40% of cash in VBMPX"
  Assets:US:Vanguard:VBMPX                          1.754 VBMPX {113.99 USD, 2021-08-09}
  Assets:US:Vanguard:Cash                         -199.94 USD

2021-08-09 * "Investing 60% of cash in RGAGX"
  Assets:US:Vanguard:RGAGX                          3.022 RGAGX {99.26 USD, 2021-08-09}
  Assets:US:Vanguard:Cash                         -299.96 USD

2021-08-09 * "Investing 40% of cash in VBMPX"
  Assets:US:Vanguard:VBMPX                          0.877 VBMPX {113.99 USD, 2021-08-09}
  Assets:US:Vanguard:Cash                          -99.97 USD

2021-08-09 * "Investing 60% of cash in RGAGX"
  Assets:US:Vanguard:RGAGX                          1.512 RGAGX {99.26 USD, 2021-08-09}
  Assets:US:Vanguard:Cash                         -150.08 USD

2022-01-07 * "Employer match for contribution"
  Assets:US:Vanguard:Cash                          600.00 USD
  Income:US:BayBook:Match401k                     -600.00 USD

2022-01-10 * "Investing 40% of cash in VBMPX"
  Assets:US:Vanguard:VBMPX                          4.073 VBMPX {117.85 USD, 2022-01-10}
  Assets:US:Vanguard:Cash                         -480.00 USD

2022-01-10 * "Investing 60% of cash in RGAGX"
  Assets:US:Vanguard:RGAGX                          6.753 RGAGX {106.62 USD, 2022-01-10}
  Assets:US:Vanguard:Cash                         -720.00 USD

2022-01-10 * "Investing 40% of cash in VBMPX"
  Assets:US:Vanguard:VBMPX                          2.037 VBMPX {117.85 USD, 2022-01-10}
  Assets:US:Vanguard:Cash                         -240.06 USD

2022-01-10 * "Investing 60% of cash in RGAGX"
  Assets:US:Vanguard:RGAGX                          3.377 RGAGX {106.62 USD, 2022-01-10}
  Assets:US:Vanguard:Cash                         -360.06 USD

2022-01-21 * "Employer match for contribution"
  Assets:US:Vanguard:Cash                          600.00 USD
  Income:US:BayBook:Match401k                     -600.00 USD

2022-01-24 * "Investing 40% of cash in VBMPX"
  Assets:US:Vanguard:VBMPX                          4.019 VBMPX {119.43 USD, 2022-01-24}
  Assets:US:Vanguard:Cash                         -479.99 USD

2022-01-24 * "Investing 60% of cash in RGAGX"
  Assets:US:Vanguard:RGAGX                          6.965 RGAGX {103.36 USD, 2022-01-24}
  Assets:US:Vanguard:Cash                         -719.90 USD

2022-01-24 * "Investing 40% of cash in VBMPX"
  Assets:US:Vanguard:VBMPX                          2.010 VBMPX {119.43 USD, 2022-01-24}
  Assets:US:Vanguard:Cash                         -240.05 USD

2022-01-24 * "Investing 60% of cash in RGAGX"
  Assets:US:Vanguard:RGAGX                          3.483 RGAGX {103.36 USD, 2022-01-24}
  Assets:US:Vanguard:Cash                         -360.00 USD

2022-02-04 * "Employer match for contribution"
  Assets:US:Vanguard:Cash                          600.00 USD
  Income:US:BayBook:Match401k                     -600.00 USD

2022-02-07 * "Investing 40% of cash in VBMPX"
  Assets:US:Vanguard:VBMPX                          4.006 VBMPX {119.83 USD, 2022-02-07}
  Assets:US:Vanguard:Cash                         -480.04 USD

2022-02-07 * "Investing 60% of cash in RGAGX"
  Assets:US:Vanguard:RGAGX                          6.736 RGAGX {106.89 USD, 2022-02-07}
  Assets:US:Vanguard:Cash                         -720.01 USD

2022-02-07 * "Investing 40% of cash in VBMPX"
  Assets:US:Vanguard:VBMPX                          2.003 VBMPX {119.83 USD, 2022-02-07}
  Assets:US:Vanguard:Cash                         -240.02 USD

2022-02-07 * "Investing 60% of cash in RGAGX"
  Assets:US:Vanguard:RGAGX                          3.367 RGAGX {106.89 USD, 2022-02-07}
  Assets:US:Vanguard:Cash                         -359.90 USD

2022-02-18 * "Employer match for contribution"
  Assets:US:Vanguard:Cash                          600.00 USD
  Income:US:BayBook:Match401k                     -600.00 USD

2022-02-21 * "Investing 40% of cash in VBMPX"
  Assets:US:Vanguard:VBMPX                          4.048 VBMPX {118.58 USD, 2022-02-21}
  Assets:US:Vanguard:Cash                         -480.01 USD

2022-02-21 * "Investing 60% of cash in RGAGX"
  Assets:US:Vanguard:RGAGX                          6.838 RGAGX {105.29 USD, 2022-02-21}
  Assets:US:Vanguard:Cash                         -719.97 USD

2022-02-21 * "Investing 40% of cash in VBMPX"
  Assets:US:Vanguard:VBMPX                          2.024 VBMPX {118.58 USD, 2022-02-21}
  Assets:US:Vanguard:Cash                         -240.01 USD

2022-02-21 * "Investing 60% of cash in RGAGX"
  Assets:US:Vanguard:RGAGX                          3.419 RGAGX {105.29 USD, 2022-02-21}
  Assets:US:Vanguard:Cash                         -359.99 USD

2022-03-04 * "Employer match for contribution"
  Assets:US:Vanguard:Cash                          600.00 USD
  Income:US:BayBook:Match401k                     -600.00 USD

2022-03-07 * "Investing 40% of cash in VBMPX"
  Assets:US:Vanguard:VBMPX                          4.076 VBMPX {117.75 USD, 2022-03-07}
  Assets:US:Vanguard:Cash                         -479.95 USD

2022-03-07 * "Investing 60% of cash in RGAGX"
  Assets:US:Vanguard:RGAGX                          6.834 RGAGX {105.36 USD, 2022-03-07}
  Assets:US:Vanguard:Cash                         -720.03 USD

2022-03-07 * "Investing 40% of cash in VBMPX"
  Assets:US:Vanguard:VBMPX                          2.038 VBMPX {117.75 USD, 2022-03-07}
  Assets:US:Vanguard:Cash                         -239.97 USD

2022-03-07 * "Investing 60% of cash in RGAGX"
  Assets:US:Vanguard:RGAGX                          3.417 RGAGX {105.36 USD, 2022-03-07}
  Assets:US:Vanguard:Cash                         -360.02 USD

2022-03-18 * "Employer match for contribution"
  Assets:US:Vanguard:Cash                          600.00 USD
  Income:US:BayBook:Match401k                     -600.00 USD

2022-03-21 * "Investing 40% of cash in VBMPX"
  Assets:US:Vanguard:VBMPX                          4.088 VBMPX {117.43 USD, 2022-03-21}
  Assets:US:Vanguard:Cash                         -480.05 USD

2022-03-21 * "Investing 60% of cash in RGAGX"
  Assets:US:Vanguard:RGAGX                          6.822 RGAGX {105.54 USD, 2022-03-21}
  Assets:US:Vanguard:Cash                         -719.99 USD

2022-03-21 * "Investing 40% of cash in VBMPX"
  Assets:US:Vanguard:VBMPX                          2.044 VBMPX {117.43 USD, 2022-03-21}
  Assets:US:Vanguard:Cash                         -240.03 USD

2022-03-21 * "Investing 60% of cash in RGAGX"
  Assets:US:Vanguard:RGAGX                          3.411 RGAGX {105.54 USD, 2022-03-21}
  Assets:US:Vanguard:Cash                         -360.00 USD

2022-04-01 * "Employer match for contribution"
  Assets:US:Vanguard:Cash                          600.00 USD
  Income:US:BayBook:Match401k                     -600.00 USD

2022-04-04 * "Investing 40% of cash in VBMPX"
  Assets:US:Vanguard:VBMPX                          4.048 VBMPX {118.58 USD, 2022-04-04}
  Assets:US:Vanguard:Cash                         -480.01 USD

2022-04-04 * "Investing 60% of cash in RGAGX"
  Assets:US:Vanguard:RGAGX                          6.753 RGAGX {106.61 USD, 2022-04-04}
  Assets:US:Vanguard:Cash                         -719.94 USD

2022-04-04 * "Investing 40% of cash in VBMPX"
  Assets:US:Vanguard:VBMPX                          2.024 VBMPX {118.58 USD, 2022-04-04}
  Assets:US:Vanguard:Cash                         -240.01 USD

2022-04-04 * "Investing 60% of cash in RGAGX"
  Assets:US:Vanguard:RGAGX                          3.377 RGAGX {106.61 USD, 2022-04-04}
  Assets:US:Vanguard:Cash                         -360.02 USD

2022-04-15 * "Employer match for contribution"
  Assets:US:Vanguard:Cash                          600.00 USD
  Income:US:BayBook:Match401k                     -600.00 USD

2022-04-18 * "Investing 40% of cash in VBMPX"
  Assets:US:Vanguard:VBMPX                          3.999 VBMPX {120.02 USD, 2022-04-18}
  Assets:US:Vanguard:Cash                         -479.96 USD

2022-04-18 * "Investing 60% of cash in RGAGX"
  Assets:US:Vanguard:RGAGX                          6.890 RGAGX {104.50 USD, 2022-04-18}
  Assets:US:Vanguard:Cash                         -720.00 USD

2022-04-18 * "Investing 40% of cash in VBMPX"
  Assets:US:Vanguard:VBMPX                          2.000 VBMPX {120.02 USD, 2022-04-18}
  Assets:US:Vanguard:Cash                         -240.04 USD

2022-04-18 * "Investing 60% of cash in RGAGX"
  Assets:US:Vanguard:RGAGX                          3.445 RGAGX {104.50 USD, 2022-04-18}
  Assets:US:Vanguard:Cash                         -360.00 USD

2022-04-29 * "Employer match for contribution"
  Assets:US:Vanguard:Cash                          600.00 USD
  Income:US:BayBook:Match401k                     -600.00 USD

2022-05-02 * "Investing 40% of cash in VBMPX"
  Assets:US:Vanguard:VBMPX                          3.908 VBMPX {122.81 USD, 2022-05-02}
  Assets:US:Vanguard:Cash                         -479.94 USD

2022-05-02 * "Investing 60% of cash in RGAGX"
  Assets:US:Vanguard:RGAGX                          7.037 RGAGX {102.31 USD, 2022-05-02}
  Assets:US:Vanguard:Cash                         -719.96 USD

2022-05-02 * "Investing 40% of cash in VBMPX"
  Assets:US:Vanguard:VBMPX                          1.954 VBMPX {122.81 USD, 2022-05-02}
  Assets:US:Vanguard:Cash                         -239.97 USD

2022-05-02 * "Investing 60% of cash in RGAGX"
  Assets:US:Vanguard:RGAGX                          3.519 RGAGX {102.31 USD, 2022-05-02}
  Assets:US:Vanguard:Cash                         -360.03 USD

2022-05-13 * "Employer match for contribution"
  Assets:US:Vanguard:Cash                          600.00 USD
  Income:US:BayBook:Match401k                     -600.00 USD

2022-05-16 * "Investing 40% of cash in VBMPX"
  Assets:US:Vanguard:VBMPX                          3.909 VBMPX {122.81 USD, 2022-05-16}
  Assets:US:Vanguard:Cash                         -480.06 USD

2022-05-16 * "Investing 60% of cash in RGAGX"
  Assets:US:Vanguard:RGAGX                          7.125 RGAGX {101.06 USD, 2022-05-16}
  Assets:US:Vanguard:Cash                         -720.05 USD

2022-05-16 * "Investing 40% of cash in VBMPX"
  Assets:US:Vanguard:VBMPX                          1.954 VBMPX {122.81 USD, 2022-05-16}
  Assets:US:Vanguard:Cash                         -239.97 USD

2022-05-16 * "Investing 60% of cash in RGAGX"
  Assets:US:Vanguard:RGAGX                          3.562 RGAGX {101.06 USD, 2022-05-16}
  Assets:US:Vanguard:Cash                         -359.98 USD

2022-05-27 * "Employer match for contribution"
  Assets:US:Vanguard:Cash                          600.00 USD
  Income:US:BayBook:Match401k                     -600.00 USD

2022-05-30 * "Investing 40% of cash in VBMPX"
  Assets:US:Vanguard:VBMPX                          3.981 VBMPX {120.57 USD, 2022-05-30}
  Assets:US:Vanguard:Cash                         -479.99 USD

2022-05-30 * "Investing 60% of cash in RGAGX"
  Assets:US:Vanguard:RGAGX                          7.047 RGAGX {102.17 USD, 2022-05-30}
  Assets:US:Vanguard:Cash                         -719.99 USD

2022-05-30 * "Investing 40% of cash in VBMPX"
  Assets:US:Vanguard:VBMPX                          1.991 VBMPX {120.57 USD, 2022-05-30}
  Assets:US:Vanguard:Cash                         -240.05 USD

2022-05-30 * "Investing 60% of cash in RGAGX"
  Assets:US:Vanguard:RGAGX                          3.524 RGAGX {102.17 USD, 2022-05-30}
  Assets:US:Vanguard:Cash                         -360.05 USD

2022-06-10 * "Employer match for contribution"
  Assets:US:Vanguard:Cash                          600.00 USD
  Income:US:BayBook:Match401k                     -600.00 USD

2022-06-13 * "Investing 40% of cash in VBMPX"
  Assets:US:Vanguard:VBMPX                          3.956 VBMPX {121.33 USD, 2022-06-13}
  Assets:US:Vanguard:Cash                         -479.98 USD

2022-06-13 * "Investing 60% of cash in RGAGX"
  Assets:US:Vanguard:RGAGX                          7.086 RGAGX {101.61 USD, 2022-06-13}
  Assets:US:Vanguard:Cash                         -720.01 USD

2022-06-13 * "Investing 40% of cash in VBMPX"
  Assets:US:Vanguard:VBMPX                          1.978 VBMPX {121.33 USD, 2022-06-13}
  Assets:US:Vanguard:Cash                         -239.99 USD

2022-06-13 * "Investing 60% of cash in RGAGX"
  Assets:US:Vanguard:RGAGX                          3.543 RGAGX {101.61 USD, 2022-06-13}
  Assets:US:Vanguard:Cash                         -360.00 USD

2022-06-24 * "Employer match for contribution"
  Assets:US:Vanguard:Cash                          600.00 USD
  Income:US:BayBook:Match401k                     -600.00 USD

2022-06-27 * "Investing 40% of cash in VBMPX"
  Assets:US:Vanguard:VBMPX                          3.965 VBMPX {121.06 USD, 2022-06-27}
  Assets:US:Vanguard:Cash                         -480.00 USD

2022-06-27 * "Investing 60% of cash in RGAGX"
  Assets:US:Vanguard:RGAGX                          6.944 RGAGX {103.68 USD, 2022-06-27}
  Assets:US:Vanguard:Cash                         -719.95 USD

2022-06-27 * "Investing 40% of cash in VBMPX"
  Assets:US:Vanguard:VBMPX                          1.983 VBMPX {121.06 USD, 2022-06-27}
  Assets:US:Vanguard:Cash                         -240.06 USD

2022-06-27 * "Investing 60% of cash in RGAGX"
  Assets:US:Vanguard:RGAGX                          3.472 RGAGX {103.68 USD, 2022-06-27}
  Assets:US:Vanguard:Cash                         -359.98 USD

2022-07-08 * "Employer match for contribution"
  Assets:US:Vanguard:Cash                          600.00 USD
  Income:US:BayBook:Match401k                     -600.00 USD

2022-07-11 * "Investing 40% of cash in VBMPX"
  Assets:US:Vanguard:VBMPX                          3.919 VBMPX {122.47 USD, 2022-07-11}
  Assets:US:Vanguard:Cash                         -479.96 USD

2022-07-11 * "Investing 60% of cash in RGAGX"
  Assets:US:Vanguard:RGAGX                          6.712 RGAGX {107.27 USD, 2022-07-11}
  Assets:US:Vanguard:Cash                         -720.00 USD

2022-07-11 * "Investing 40% of cash in VBMPX"
  Assets:US:Vanguard:VBMPX                          1.960 VBMPX {122.47 USD, 2022-07-11}
  Assets:US:Vanguard:Cash                         -240.04 USD

2022-07-11 * "Investing 60% of cash in RGAGX"
  Assets:US:Vanguard:RGAGX                          3.356 RGAGX {107.27 USD, 2022-07-11}
  Assets:US:Vanguard:Cash                         -360.00 USD

2022-07-22 * "Employer match for contribution"
  Assets:US:Vanguard:Cash                          600.00 USD
  Income:US:BayBook:Match401k                     -600.00 USD

2022-07-25 * "Investing 40% of cash in VBMPX"
  Assets:US:Vanguard:VBMPX                          3.923 VBMPX {122.36 USD, 2022-07-25}
  Assets:US:Vanguard:Cash                         -480.02 USD

2022-07-25 * "Investing 60% of cash in RGAGX"
  Assets:US:Vanguard:RGAGX                          6.722 RGAGX {107.11 USD, 2022-07-25}
  Assets:US:Vanguard:Cash                         -719.99 USD

2022-07-25 * "Investing 40% of cash in VBMPX"
  Assets:US:Vanguard:VBMPX                          1.961 VBMPX {122.36 USD, 2022-07-25}
  Assets:US:Vanguard:Cash                         -239.95 USD

2022-07-25 * "Investing 60% of cash in RGAGX"
  Assets:US:Vanguard:RGAGX                          3.361 RGAGX {107.11 USD, 2022-07-25}
  Assets:US:Vanguard:Cash                         -360.00 USD

2022-08-05 * "Employer match for contribution"
  Assets:US:Vanguard:Cash                          250.00 USD
  Income:US:BayBook:Match401k                     -250.00 USD

2022-08-08 * "Investing 40% of cash in VBMPX"
  Assets:US:Vanguard:VBMPX                          1.644 VBMPX {121.64 USD, 2022-08-08}
  Assets:US:Vanguard:Cash                         -199.98 USD

2022-08-08 * "Investing 60% of cash in RGAGX"
  Assets:US:Vanguard:RGAGX                          2.711 RGAGX {110.68 USD, 2022-08-08}
  Assets:US:Vanguard:Cash                         -300.05 USD

2022-08-08 * "Investing 40% of cash in VBMPX"
  Assets:US:Vanguard:VBMPX                          0.822 VBMPX {121.64 USD, 2022-08-08}
  Assets:US:Vanguard:Cash                          -99.99 USD

2022-08-08 * "Investing 60% of cash in RGAGX"
  Assets:US:Vanguard:RGAGX                          1.355 RGAGX {110.68 USD, 2022-08-08}
  Assets:US:Vanguard:Cash                         -149.97 USD

2023-01-06 * "Employer match for contribution"
  Assets:US:Vanguard:Cash                          600.00 USD
  Income:US:BayBook:Match401k                     -600.00 USD

2023-01-09 * "Investing 40% of cash in VBMPX"
  Assets:US:Vanguard:VBMPX                          3.834 VBMPX {125.21 USD, 2023-01-09}
  Assets:US:Vanguard:Cash                         -480.06 USD

2023-01-09 * "Investing 60% of cash in RGAGX"
  Assets:US:Vanguard:RGAGX                          5.934 RGAGX {121.33 USD, 2023-01-09}
  Assets:US:Vanguard:Cash                         -719.97 USD

2023-01-09 * "Investing 40% of cash in VBMPX"
  Assets:US:Vanguard:VBMPX                          1.917 VBMPX {125.21 USD, 2023-01-09}
  Assets:US:Vanguard:Cash                         -240.03 USD

2023-01-09 * "Investing 60% of cash in RGAGX"
  Assets:US:Vanguard:RGAGX                          2.967 RGAGX {121.33 USD, 2023-01-09}
  Assets:US:Vanguard:Cash                         -359.99 USD

2023-01-20 * "Employer match for contribution"
  Assets:US:Vanguard:Cash                          600.00 USD
  Income:US:BayBook:Match401k                     -600.00 USD

2023-01-23 * "Investing 40% of cash in VBMPX"
  Assets:US:Vanguard:VBMPX                          3.830 VBMPX {125.32 USD, 2023-01-23}
  Assets:US:Vanguard:Cash                         -479.98 USD

2023-01-23 * "Investing 60% of cash in RGAGX"
  Assets:US:Vanguard:RGAGX                          5.864 RGAGX {122.78 USD, 2023-01-23}
  Assets:US:Vanguard:Cash                         -719.98 USD

2023-01-23 * "Investing 40% of cash in VBMPX"
  Assets:US:Vanguard:VBMPX                          1.915 VBMPX {125.32 USD, 2023-01-23}
  Assets:US:Vanguard:Cash                         -239.99 USD

2023-01-23 * "Investing 60% of cash in RGAGX"
  Assets:US:Vanguard:RGAGX                          2.932 RGAGX {122.78 USD, 2023-01-23}
  Assets:US:Vanguard:Cash                         -359.99 USD

2023-02-03 * "Employer match for contribution"
  Assets:US:Vanguard:Cash                          600.00 USD
  Income:US:BayBook:Match401k                     -600.00 USD

2023-02-06 * "Investing 40% of cash in VBMPX"
  Assets:US:Vanguard:VBMPX                          3.802 VBMPX {126.26 USD, 2023-02-06}
  Assets:US:Vanguard:Cash                         -480.04 USD

2023-02-06 * "Investing 60% of cash in RGAGX"
  Assets:US:Vanguard:RGAGX                          5.961 RGAGX {120.78 USD, 2023-02-06}
  Assets:US:Vanguard:Cash                         -719.97 USD

2023-02-06 * "Investing 40% of cash in VBMPX"
  Assets:US:Vanguard:VBMPX                          1.901 VBMPX {126.26 USD, 2023-02-06}
  Assets:US:Vanguard:Cash                         -240.02 USD

2023-02-06 * "Investing 60% of cash in RGAGX"
  Assets:US:Vanguard:RGAGX                          2.981 RGAGX {120.78 USD, 2023-02-06}
  Assets:US:Vanguard:Cash                         -360.05 USD

2023-02-17 * "Employer match for contribution"
  Assets:US:Vanguard:Cash                          600.00 USD
  Income:US:BayBook:Match401k                     -600.00 USD

2023-02-20 * "Investing 40% of cash in VBMPX"
  Assets:US:Vanguard:VBMPX                          3.813 VBMPX {125.89 USD, 2023-02-20}
  Assets:US:Vanguard:Cash                         -480.02 USD

2023-02-20 * "Investing 60% of cash in RGAGX"
  Assets:US:Vanguard:RGAGX                          6.115 RGAGX {117.74 USD, 2023-02-20}
  Assets:US:Vanguard:Cash                         -719.98 USD

2023-02-20 * "Investing 40% of cash in VBMPX"
  Assets:US:Vanguard:VBMPX                          1.906 VBMPX {125.89 USD, 2023-02-20}
  Assets:US:Vanguard:Cash                         -239.95 USD

2023-02-20 * "Investing 60% of cash in RGAGX"
  Assets:US:Vanguard:RGAGX                          3.057 RGAGX {117.74 USD, 2023-02-20}
  Assets:US:Vanguard:Cash                         -359.93 USD

2023-03-03 * "Employer match for contribution"
  Assets:US:Vanguard:Cash                          600.00 USD
  Income:US:BayBook:Match401k                     -600.00 USD

2023-03-06 * "Investing 40% of cash in VBMPX"
  Assets:US:Vanguard:VBMPX                          3.809 VBMPX {126.01 USD, 2023-03-06}
  Assets:US:Vanguard:Cash                         -479.97 USD

2023-03-06 * "Investing 60% of cash in RGAGX"
  Assets:US:Vanguard:RGAGX                          6.245 RGAGX {115.29 USD, 2023-03-06}
  Assets:US:Vanguard:Cash                         -719.99 USD

2023-03-06 * "Investing 40% of cash in VBMPX"
  Assets:US:Vanguard:VBMPX                          1.905 VBMPX {126.01 USD, 2023-03-06}
  Assets:US:Vanguard:Cash                         -240.05 USD

2023-03-06 * "Investing 60% of cash in RGAGX"
  Assets:US:Vanguard:RGAGX                          3.123 RGAGX {115.29 USD, 2023-03-06}
  Assets:US:Vanguard:Cash                         -360.05 USD

2023-03-17 * "Employer match for contribution"
  Assets:US:Vanguard:Cash                          600.00 USD
  Income:US:BayBook:Match401k                     -600.00 USD

2023-03-20 * "Investing 40% of cash in VBMPX"
  Assets:US:Vanguard:VBMPX                          3.755 VBMPX {127.83 USD, 2023-03-20}
  Assets:US:Vanguard:Cash                         -480.00 USD

2023-03-20 * "Investing 60% of cash in RGAGX"
  Assets:US:Vanguard:RGAGX                          6.053 RGAGX {118.95 USD, 2023-03-20}
  Assets:US:Vanguard:Cash                         -720.00 USD

2023-03-20 * "Investing 40% of cash in VBMPX"
  Assets:US:Vanguard:VBMPX                          1.878 VBMPX {127.83 USD, 2023-03-20}
  Assets:US:Vanguard:Cash                         -240.06 USD

2023-03-20 * "Investing 60% of cash in RGAGX"
  Assets:US:Vanguard:RGAGX                          3.027 RGAGX {118.95 USD, 2023-03-20}
  Assets:US:Vanguard:Cash                         -360.06 USD

2023-03-31 * "Employer match for contribution"
  Assets:US:Vanguard:Cash                          600.00 USD
  Income:US:BayBook:Match401k                     -600.00 USD

2023-04-03 * "Investing 40% of cash in VBMPX"
  Assets:US:Vanguard:VBMPX                          3.737 VBMPX {128.43 USD, 2023-04-03}
  Assets:US:Vanguard:Cash                         -479.94 USD

2023-04-03 * "Investing 60% of cash in RGAGX"
  Assets:US:Vanguard:RGAGX                          5.797 RGAGX {124.19 USD, 2023-04-03}
  Assets:US:Vanguard:Cash                         -719.93 USD

2023-04-03 * "Investing 40% of cash in VBMPX"
  Assets:US:Vanguard:VBMPX                          1.869 VBMPX {128.43 USD, 2023-04-03}
  Assets:US:Vanguard:Cash                         -240.04 USD

2023-04-03 * "Investing 60% of cash in RGAGX"
  Assets:US:Vanguard:RGAGX                          2.899 RGAGX {124.19 USD, 2023-04-03}
  Assets:US:Vanguard:Cash                         -360.03 USD

2023-04-14 * "Employer match for contribution"
  Assets:US:Vanguard:Cash                          600.00 USD
  Income:US:BayBook:Match401k                     -600.00 USD

2023-04-17 * "Investing 40% of cash in VBMPX"
  Assets:US:Vanguard:VBMPX                          3.743 VBMPX {128.24 USD, 2023-04-17}
  Assets:US:Vanguard:Cash                         -480.00 USD

2023-04-17 * "Investing 60% of cash in RGAGX"
  Assets:US:Vanguard:RGAGX                          5.838 RGAGX {123.33 USD, 2023-04-17}
  Assets:US:Vanguard:Cash                         -720.00 USD

2023-04-17 * "Investing 40% of cash in VBMPX"
  Assets:US:Vanguard:VBMPX                          1.871 VBMPX {128.24 USD, 2023-04-17}
  Assets:US:Vanguard:Cash                         -239.94 USD

2023-04-17 * "Investing 60% of cash in RGAGX"
  Assets:US:Vanguard:RGAGX                          2.919 RGAGX {123.33 USD, 2023-04-17}
  Assets:US:Vanguard:Cash                         -360.00 USD



* Sources of Income

2021-01-01 open Income:US:BayBook:Salary                      USD
2021-01-01 open Income:US:BayBook:GroupTermLife               USD
2021-01-01 open Income:US:BayBook:Vacation                    VACHR
2021-01-01 open Assets:US:BayBook:Vacation                    VACHR
2021-01-01 open Expenses:Vacation                               VACHR
2021-01-01 open Expenses:Health:Life:GroupTermLife
2021-01-01 open Expenses:Health:Medical:Insurance
2021-01-01 open Expenses:Health:Dental:Insurance
2021-01-01 open Expenses:Health:Vision:Insurance

2021-01-01 event "employer" "BayBook, 1501 Billow Rd, Benlo Park, CA"

2021-01-07 * "BayBook" "Payroll"
  Assets:US:BofA:Checking                         1350.60 USD
  Assets:US:Vanguard:Cash                         1200.00 USD
  Income:US:BayBook:Salary                       -4615.38 USD
  Income:US:BayBook:GroupTermLife                  -24.32 USD
  Expenses:Health:Life:GroupTermLife                24.32 USD
  Expenses:Health:Dental:Insurance                   2.90 USD
  Expenses:Health:Medical:Insurance                 27.38 USD
  Expenses:Health:Vision:Insurance                  42.30 USD
  Expenses:Taxes:Y2021:US:Medicare                 106.62 USD
  Expenses:Taxes:Y2021:US:Federal                 1062.92 USD
  Expenses:Taxes:Y2021:US:State                    365.08 USD
  Expenses:Taxes:Y2021:US:CityNYC                  174.92 USD
  Expenses:Taxes:Y2021:US:SDI                        1.12 USD
  Expenses:Taxes:Y2021:US:SocSec                   281.54 USD
  Assets:US:Federal:PreTax401k                   -1200.00 IRAUSD
  Expenses:Taxes:Y2021:US:Federal:PreTax401k      1200.00 IRAUSD
  Assets:US:BayBook:Vacation                            5 VACHR
  Income:US:BayBook:Vacation                           -5 VACHR

2021-01-21 * "BayBook" "Payroll"
  Assets:US:BofA:Checking                         1350.60 USD
  Assets:US:Vanguard:Cash                         1200.00 USD
  Income:US:BayBook:Salary                       -4615.38 USD
  Income:US:BayBook:GroupTermLife                  -24.32 USD
  Expenses:Health:Life:GroupTermLife                24.32 USD
  Expenses:Health:Dental:Insurance                   2.90 USD
  Expenses:Health:Medical:Insurance                 27.38 USD
  Expenses:Health:Vision:Insurance                  42.30 USD
  Expenses:Taxes:Y2021:US:Medicare                 106.62 USD
  Expenses:Taxes:Y2021:US:Federal                 1062.92 USD
  Expenses:Taxes:Y2021:US:State                    365.08 USD
  Expenses:Taxes:Y2021:US:CityNYC                  174.92 USD
  Expenses:Taxes:Y2021:US:SDI                        1.12 USD
  Expenses:Taxes:Y2021:US:SocSec                   281.54 USD
  Assets:US:Federal:PreTax401k                   -1200.00 IRAUSD
  Expenses:Taxes:Y2021:US:Federal:PreTax401k      1200.00 IRAUSD
  Assets:US:BayBook:Vacation                            5 VACHR
  Income:US:BayBook:Vacation                           -5 VACHR

2021-02-04 * "BayBook" "Payroll"
  Assets:US:BofA:Checking                         1350.60 USD
  Assets:US:Vanguard:Cash                         1200.00 USD
  Income:US:BayBook:Salary                       -4615.38 USD
  Income:US:BayBook:GroupTermLife                  -24.32 USD
  Expenses:Health:Life:GroupTermLife                24.32 USD
  Expenses:Health:Dental:Insurance                   2.90 USD
  Expenses:Health:Medical:Insurance                 27.38 USD
  Expenses:Health:Vision:Insurance                  42.30 USD
  Expenses:Taxes:Y2021:US:Medicare                 106.62 USD
  Expenses:Taxes:Y2021:US:Federal                 1062.92 USD
  Expenses:Taxes:Y2021:US:State                    365.08 USD
  Expenses:Taxes:Y2021:US:CityNYC                  174.92 USD
  Expenses:Taxes:Y2021:US:SDI                        1.12 USD
  Expenses:Taxes:Y2021:US:SocSec                   281.54 USD
  Assets:US:Federal:PreTax401k                   -1200.00 IRAUSD
  Expenses:Taxes:Y2021:US:Federal:PreTax401k      1200.00 IRAUSD
  Assets:US:BayBook:Vacation                            5 VACHR
  Income:US:BayBook:Vacation                           -5 VACHR

2021-02-18 * "BayBook" "Payroll"
  Assets:US:BofA:Checking                         1350.60 USD
  Assets:US:Vanguard:Cash                         1200.00 USD
  Income:US:BayBook:Salary                       -4615.38 USD
  Income:US:BayBook:GroupTermLife                  -24.32 USD
  Expenses:Health:Life:GroupTermLife                24.32 USD
  Expenses:Health:Dental:Insurance                   2.90 USD
  Expenses:Health:Medical:Insurance                 27.38 USD
  Expenses:Health:Vision:Insurance                  42.30 USD
  Expenses:Taxes:Y2021:US:Medicare                 106.62 USD
  Expenses:Taxes:Y2021:US:Federal                 1062.92 USD
  Expenses:Taxes:Y2021:US:State                    365.08 USD
  Expenses:Taxes:Y2021:US:CityNYC                  174.92 USD
  Expenses:Taxes:Y2021:US:SDI                        1.12 USD
  Expenses:Taxes:Y2021:US:SocSec                   281.54 USD
  Assets:US:Federal:PreTax401k                   -1200.00 IRAUSD
  Expenses:Taxes:Y2021:US:Federal:PreTax401k      1200.00 IRAUSD
  Assets:US:BayBook:Vacation                            5 VACHR
  Income:US:BayBook:Vacation                           -5 VACHR

2021-03-04 * "BayBook" "Payroll"
  Assets:US:BofA:Checking                         1350.60 USD
  Assets:US:Vanguard:Cash                         1200.00 USD
  Income:US:BayBook:Salary                       -4615.38 USD
  Income:US:BayBook:GroupTermLife                  -24.32 USD
  Expenses:Health:Life:GroupTermLife                24.32 USD
  Expenses:Health:Dental:Insurance                   2.90 USD
  Expenses:Health:Medical:Insurance                 27.38 USD
  Expenses:Health:Vision:Insurance                  42.30 USD
  Expenses:Taxes:Y2021:US:Medicare                 106.62 USD
  Expenses:Taxes:Y2021:US:Federal                 1062.92 USD
  Expenses:Taxes:Y2021:US:State                    365.08 USD
  Expenses:Taxes:Y2021:US:CityNYC                  174.92 USD
  Expenses:Taxes:Y2021:US:SDI                        1.12 USD
  Expenses:Taxes:Y2021:US:SocSec                   281.54 USD
  Assets:US:Federal:PreTax401k                   -1200.00 IRAUSD
  Expenses:Taxes:Y2021:US:Federal:PreTax401k      1200.00 IRAUSD
  Assets:US:BayBook:Vacation                            5 VACHR
  Income:US:BayBook:Vacation                           -5 VACHR

2021-03-18 * "BayBook" "Payroll"
  Assets:US:BofA:Checking                         1350.60 USD
  Assets:US:Vanguard:Cash                         1200.00 USD
  Income:US:BayBook:Salary                       -4615.38 USD
  Income:US:BayBook:GroupTermLife                  -24.32 USD
  Expenses:Health:Life:GroupTermLife                24.32 USD
  Expenses:Health:Dental:Insurance                   2.90 USD
  Expenses:Health:Medical:Insurance                 27.38 USD
  Expenses:Health:Vision:Insurance                  42.30 USD
  Expenses:Taxes:Y2021:US:Medicare                 106.62 USD
  Expenses:Taxes:Y2021:US:Federal                 1062.92 USD
  Expenses:Taxes:Y2021:US:State                    365.08 USD
  Expenses:Taxes:Y2021:US:CityNYC                  174.92 USD
  Expenses:Taxes:Y2021:US:SDI                        1.12 USD
  Expenses:Taxes:Y2021:US:SocSec                   281.54 USD
  Assets:US:Federal:PreTax401k                   -1200.00 IRAUSD
  Expenses:Taxes:Y2021:US:Federal:PreTax401k      1200.00 IRAUSD
  Assets:US:BayBook:Vacation                            5 VACHR
  Income:US:BayBook:Vacation                           -5 VACHR

2021-04-01 * "BayBook" "Payroll"
  Assets:US:BofA:Checking                         1350.60 USD
  Assets:US:Vanguard:Cash                         1200.00 USD
  Income:US:BayBook:Salary                       -4615.38 USD
  Income:US:BayBook:GroupTermLife                  -24.32 USD
  Expenses:Health:Life:GroupTermLife                24.32 USD
  Expenses:Health:Dental:Insurance                   2.90 USD
  Expenses:Health:Medical:Insurance                 27.38 USD
  Expenses:Health:Vision:Insurance                  42.30 USD
  Expenses:Taxes:Y2021:US:Medicare                 106.62 USD
  Expenses:Taxes:Y2021:US:Federal                 1062.92 USD
  Expenses:Taxes:Y2021:US:State                    365.08 USD
  Expenses:Taxes:Y2021:US:CityNYC                  174.92 USD
  Expenses:Taxes:Y2021:US:SDI                        1.12 USD
  Expenses:Taxes:Y2021:US:SocSec                   281.54 USD
  Assets:US:Federal:PreTax401k                   -1200.00 IRAUSD
  Expenses:Taxes:Y2021:US:Federal:PreTax401k      1200.00 IRAUSD
  Assets:US:BayBook:Vacation                            5 VACHR
  Income:US:BayBook:Vacation                           -5 VACHR

2021-04-15 * "BayBook" "Payroll"
  Assets:US:BofA:Checking                         1350.60 USD
  Assets:US:Vanguard:Cash                         1200.00 USD
  Income:US:BayBook:Salary                       -4615.38 USD
  Income:US:BayBook:GroupTermLife                  -24.32 USD
  Expenses:Health:Life:GroupTermLife                24.32 USD
  Expenses:Health:Dental:Insurance                   2.90 USD
  Expenses:Health:Medical:Insurance                 27.38 USD
  Expenses:Health:Vision:Insurance                  42.30 USD
  Expenses:Taxes:Y2021:US:Medicare                 106.62 USD
  Expenses:Taxes:Y2021:US:Federal                 1062.92 USD
  Expenses:Taxes:Y2021:US:State                    365.08 USD
  Expenses:Taxes:Y2021:US:CityNYC                  174.92 USD
  Expenses:Taxes:Y2021:US:SDI                        1.12 USD
  Expenses:Taxes:Y2021:US:SocSec                   281.54 USD
  Assets:US:Federal:PreTax401k                   -1200.00 IRAUSD
  Expenses:Taxes:Y2021:US:Federal:PreTax401k      1200.00 IRAUSD
  Assets:US:BayBook:Vacation                            5 VACHR
  Income:US:BayBook:Vacation                           -5 VACHR

2021-04-29 * "BayBook" "Payroll"
  Assets:US:BofA:Checking                         1350.60 USD
  Assets:US:Vanguard:Cash                         1200.00 USD
  Income:US:BayBook:Salary                       -4615.38 USD
  Income:US:BayBook:GroupTermLife                  -24.32 USD
  Expenses:Health:Life:GroupTermLife                24.32 USD
  Expenses:Health:Dental:Insurance                   2.90 USD
  Expenses:Health:Medical:Insurance                 27.38 USD
  Expenses:Health:Vision:Insurance                  42.30 USD
  Expenses:Taxes:Y2021:US:Medicare                 106.62 USD
  Expenses:Taxes:Y2021:US:Federal                 1062.92 USD
  Expenses:Taxes:Y2021:US:State                    365.08 USD
  Expenses:Taxes:Y2021:US:CityNYC                  174.92 USD
  Expenses:Taxes:Y2021:US:SDI                        1.12 USD
  Expenses:Taxes:Y2021:US:SocSec                   281.54 USD
  Assets:US:Federal:PreTax401k                   -1200.00 IRAUSD
  Expenses:Taxes:Y2021:US:Federal:PreTax401k      1200.00 IRAUSD
  Assets:US:BayBook:Vacation                            5 VACHR
  Income:US:BayBook:Vacation                           -5 VACHR

2021-05-13 * "BayBook" "Payroll"
  Assets:US:BofA:Checking                         1350.60 USD
  Assets:US:Vanguard:Cash                         1200.00 USD
  Income:US:BayBook:Salary                       -4615.38 USD
  Income:US:BayBook:GroupTermLife                  -24.32 USD
  Expenses:Health:Life:GroupTermLife                24.32 USD
  Expenses:Health:Dental:Insurance                   2.90 USD
  Expenses:Health:Medical:Insurance                 27.38 USD
  Expenses:Health:Vision:Insurance                  42.30 USD
  Expenses:Taxes:Y2021:US:Medicare                 106.62 USD
  Expenses:Taxes:Y2021:US:Federal                 1062.92 USD
  Expenses:Taxes:Y2021:US:State                    365.08 USD
  Expenses:Taxes:Y2021:US:CityNYC                  174.92 USD
  Expenses:Taxes:Y2021:US:SDI                        1.12 USD
  Expenses:Taxes:Y2021:US:SocSec                   281.54 USD
  Assets:US:Federal:PreTax401k                   -1200.00 IRAUSD
  Expenses:Taxes:Y2021:US:Federal:PreTax401k      1200.00 IRAUSD
  Assets:US:BayBook:Vacation                            5 VACHR
  Income:US:BayBook:Vacation                           -5 VACHR

2021-05-27 * "BayBook" "Payroll"
  Assets:US:BofA:Checking                         1350.60 USD
  Assets:US:Vanguard:Cash                         1200.00 USD
  Income:US:BayBook:Salary                       -4615.38 USD
  Income:US:BayBook:GroupTermLife                  -24.32 USD
  Expenses:Health:Life:GroupTermLife                24.32 USD
  Expenses:Health:Dental:Insurance                   2.90 USD
  Expenses:Health:Medical:Insurance                 27.38 USD
  Expenses:Health:Vision:Insurance                  42.30 USD
  Expenses:Taxes:Y2021:US:Medicare                 106.62 USD
  Expenses:Taxes:Y2021:US:Federal                 1062.92 USD
  Expenses:Taxes:Y2021:US:State                    365.08 USD
  Expenses:Taxes:Y2021:US:CityNYC                  174.92 USD
  Expenses:Taxes:Y2021:US:SDI                        1.12 USD
  Expenses:Taxes:Y2021:US:SocSec                   281.54 USD
  Assets:US:Federal:PreTax401k                   -1200.00 IRAUSD
  Expenses:Taxes:Y2021:US:Federal:PreTax401k      1200.00 IRAUSD
  Assets:US:BayBook:Vacation                            5 VACHR
  Income:US:BayBook:Vacation                           -5 VACHR

2021-06-10 * "BayBook" "Payroll"
  Assets:US:BofA:Checking                         1350.60 USD
  Assets:US:Vanguard:Cash                         1200.00 USD
  Income:US:BayBook:Salary                       -4615.38 USD
  Income:US:BayBook:GroupTermLife                  -24.32 USD
  Expenses:Health:Life:GroupTermLife                24.32 USD
  Expenses:Health:Dental:Insurance                   2.90 USD
  Expenses:Health:Medical:Insurance                 27.38 USD
  Expenses:Health:Vision:Insurance                  42.30 USD
  Expenses:Taxes:Y2021:US:Medicare                 106.62 USD
  Expenses:Taxes:Y2021:US:Federal                 1062.92 USD
  Expenses:Taxes:Y2021:US:State                    365.08 USD
  Expenses:Taxes:Y2021:US:CityNYC                  174.92 USD
  Expenses:Taxes:Y2021:US:SDI                        1.12 USD
  Expenses:Taxes:Y2021:US:SocSec                   281.54 USD
  Assets:US:Federal:PreTax401k                   -1200.00 IRAUSD
  Expenses:Taxes:Y2021:US:Federal:PreTax401k      1200.00 IRAUSD
  Assets:US:BayBook:Vacation                            5 VACHR
  Income:US:BayBook:Vacation                           -5 VACHR

2021-06-24 * "BayBook" "Payroll"
  Assets:US:BofA:Checking                         1350.60 USD
  Assets:US:Vanguard:Cash                         1200.00 USD
  Income:US:BayBook:Salary                       -4615.38 USD
  Income:US:BayBook:GroupTermLife                  -24.32 USD
  Expenses:Health:Life:GroupTermLife                24.32 USD
  Expenses:Health:Dental:Insurance                   2.90 USD
  Expenses:Health:Medical:Insurance                 27.38 USD
  Expenses:Health:Vision:Insurance                  42.30 USD
  Expenses:Taxes:Y2021:US:Medicare                 106.62 USD
  Expenses:Taxes:Y2021:US:Federal                 1062.92 USD
  Expenses:Taxes:Y2021:US:State                    365.08 USD
  Expenses:Taxes:Y2021:US:CityNYC                  174.92 USD
  Expenses:Taxes:Y2021:US:SDI                        1.12 USD
  Expenses:Taxes:Y2021:US:SocSec                   281.54 USD
  Assets:US:Federal:PreTax401k                   -1200.00 IRAUSD
  Expenses:Taxes:Y2021:US:Federal:PreTax401k      1200.00 IRAUSD
  Assets:US:BayBook:Vacation                            5 VACHR
  Income:US:BayBook:Vacation                           -5 VACHR

2021-07-08 * "BayBook" "Payroll"
  Assets:US:BofA:Checking                         1350.60 USD
  Assets:US:Vanguard:Cash                         1200.00 USD
  Income:US:BayBook:Salary                       -4615.38 USD
  Income:US:BayBook:GroupTermLife                  -24.32 USD
  Expenses:Health:Life:GroupTermLife                24.32 USD
  Expenses:Health:Dental:Insurance                   2.90 USD
  Expenses:Health:Medical:Insurance                 27.38 USD
  Expenses:Health:Vision:Insurance                  42.30 USD
  Expenses:Taxes:Y2021:US:Medicare                 106.62 USD
  Expenses:Taxes:Y2021:US:Federal                 1062.92 USD
  Expenses:Taxes:Y2021:US:State                    365.08 USD
  Expenses:Taxes:Y2021:US:CityNYC                  174.92 USD
  Expenses:Taxes:Y2021:US:SDI                        1.12 USD
  Expenses:Taxes:Y2021:US:SocSec                   281.54 USD
  Assets:US:Federal:PreTax401k                   -1200.00 IRAUSD
  Expenses:Taxes:Y2021:US:Federal:PreTax401k      1200.00 IRAUSD
  Assets:US:BayBook:Vacation                            5 VACHR
  Income:US:BayBook:Vacation                           -5 VACHR

2021-07-22 * "BayBook" "Payroll"
  Assets:US:BofA:Checking                         1350.60 USD
  Assets:US:Vanguard:Cash                         1200.00 USD
  Income:US:BayBook:Salary                       -4615.38 USD
  Income:US:BayBook:GroupTermLife                  -24.32 USD
  Expenses:Health:Life:GroupTermLife                24.32 USD
  Expenses:Health:Dental:Insurance                   2.90 USD
  Expenses:Health:Medical:Insurance                 27.38 USD
  Expenses:Health:Vision:Insurance                  42.30 USD
  Expenses:Taxes:Y2021:US:Medicare                 106.62 USD
  Expenses:Taxes:Y2021:US:Federal                 1062.92 USD
  Expenses:Taxes:Y2021:US:State                    365.08 USD
  Expenses:Taxes:Y2021:US:CityNYC                  174.92 USD
  Expenses:Taxes:Y2021:US:SDI                        1.12 USD
  Expenses:Taxes:Y2021:US:SocSec                   281.54 USD
  Assets:US:Federal:PreTax401k                   -1200.00 IRAUSD
  Expenses:Taxes:Y2021:US:Federal:PreTax401k      1200.00 IRAUSD
  Assets:US:BayBook:Vacation                            5 VACHR
  Income:US:BayBook:Vacation                           -5 VACHR

2021-08-05 * "BayBook" "Payroll"
  Assets:US:BofA:Checking                         2050.60 USD
  Assets:US:Vanguard:Cash                          500.00 USD
  Income:US:BayBook:Salary                       -4615.38 USD
  Income:US:BayBook:GroupTermLife                  -24.32 USD
  Expenses:Health:Life:GroupTermLife                24.32 USD
  Expenses:Health:Dental:Insurance                   2.90 USD
  Expenses:Health:Medical:Insurance                 27.38 USD
  Expenses:Health:Vision:Insurance                  42.30 USD
  Expenses:Taxes:Y2021:US:Medicare                 106.62 USD
  Expenses:Taxes:Y2021:US:Federal                 1062.92 USD
  Expenses:Taxes:Y2021:US:State                    365.08 USD
  Expenses:Taxes:Y2021:US:CityNYC                  174.92 USD
  Expenses:Taxes:Y2021:US:SDI                        1.12 USD
  Expenses:Taxes:Y2021:US:SocSec                   281.54 USD
  Assets:US:Federal:PreTax401k                    -500.00 IRAUSD
  Expenses:Taxes:Y2021:US:Federal:PreTax401k       500.00 IRAUSD
  Assets:US:BayBook:Vacation                            5 VACHR
  Income:US:BayBook:Vacation                           -5 VACHR

2021-08-19 * "BayBook" "Payroll"
  Assets:US:BofA:Checking                         2550.60 USD
  Income:US:BayBook:Salary                       -4615.38 USD
  Income:US:BayBook:GroupTermLife                  -24.32 USD
  Expenses:Health:Life:GroupTermLife                24.32 USD
  Expenses:Health:Dental:Insurance                   2.90 USD
  Expenses:Health:Medical:Insurance                 27.38 USD
  Expenses:Health:Vision:Insurance                  42.30 USD
  Expenses:Taxes:Y2021:US:Medicare                 106.62 USD
  Expenses:Taxes:Y2021:US:Federal                 1062.92 USD
  Expenses:Taxes:Y2021:US:State                    365.08 USD
  Expenses:Taxes:Y2021:US:CityNYC                  174.92 USD
  Expenses:Taxes:Y2021:US:SDI                        1.12 USD
  Expenses:Taxes:Y2021:US:SocSec                   281.54 USD
  Assets:US:Federal:PreTax401k                       0.00 IRAUSD
  Assets:US:BayBook:Vacation                            5 VACHR
  Income:US:BayBook:Vacation                           -5 VACHR

2021-09-02 * "BayBook" "Payroll"
  Assets:US:BofA:Checking                         2550.60 USD
  Income:US:BayBook:Salary                       -4615.38 USD
  Income:US:BayBook:GroupTermLife                  -24.32 USD
  Expenses:Health:Life:GroupTermLife                24.32 USD
  Expenses:Health:Dental:Insurance                   2.90 USD
  Expenses:Health:Medical:Insurance                 27.38 USD
  Expenses:Health:Vision:Insurance                  42.30 USD
  Expenses:Taxes:Y2021:US:Medicare                 106.62 USD
  Expenses:Taxes:Y2021:US:Federal                 1062.92 USD
  Expenses:Taxes:Y2021:US:State                    365.08 USD
  Expenses:Taxes:Y2021:US:CityNYC                  174.92 USD
  Expenses:Taxes:Y2021:US:SDI                        1.12 USD
  Expenses:Taxes:Y2021:US:SocSec                   281.54 USD
  Assets:US:Federal:PreTax401k                       0.00 IRAUSD
  Assets:US:BayBook:Vacation                            5 VACHR
  Income:US:BayBook:Vacation                           -5 VACHR

2021-09-16 * "BayBook" "Payroll"
  Assets:US:BofA:Checking                         2550.60 USD
  Income:US:BayBook:Salary                       -4615.38 USD
  Income:US:BayBook:GroupTermLife                  -24.32 USD
  Expenses:Health:Life:GroupTermLife                24.32 USD
  Expenses:Health:Dental:Insurance                   2.90 USD
  Expenses:Health:Medical:Insurance                 27.38 USD
  Expenses:Health:Vision:Insurance                  42.30 USD
  Expenses:Taxes:Y2021:US:Medicare                 106.62 USD
  Expenses:Taxes:Y2021:US:Federal                 1062.92 USD
  Expenses:Taxes:Y2021:US:State                    365.08 USD
  Expenses:Taxes:Y2021:US:CityNYC                  174.92 USD
  Expenses:Taxes:Y2021:US:SDI                        1.12 USD
  Expenses:Taxes:Y2021:US:SocSec                   281.54 USD
  Assets:US:Federal:PreTax401k                       0.00 IRAUSD
  Assets:US:BayBook:Vacation                            5 VACHR
  Income:US:BayBook:Vacation                           -5 VACHR

2021-09-30 * "BayBook" "Payroll"
  Assets:US:BofA:Checking                         2550.60 USD
  Income:US:BayBook:Salary                       -4615.38 USD
  Income:US:BayBook:GroupTermLife                  -24.32 USD
  Expenses:Health:Life:GroupTermLife                24.32 USD
  Expenses:Health:Dental:Insurance                   2.90 USD
  Expenses:Health:Medical:Insurance                 27.38 USD
  Expenses:Health:Vision:Insurance                  42.30 USD
  Expenses:Taxes:Y2021:US:Medicare                 106.62 USD
  Expenses:Taxes:Y2021:US:Federal                 1062.92 USD
  Expenses:Taxes:Y2021:US:State                    365.08 USD
  Expenses:Taxes:Y2021:US:CityNYC                  174.92 USD
  Expenses:Taxes:Y2021:US:SDI                        1.12 USD
  Expenses:Taxes:Y2021:US:SocSec                   281.54 USD
  Assets:US:Federal:PreTax401k                       0.00 IRAUSD
  Assets:US:BayBook:Vacation                            5 VACHR
  Income:US:BayBook:Vacation                           -5 VACHR

2021-10-14 * "BayBook" "Payroll"
  Assets:US:BofA:Checking                         2550.60 USD
  Income:US:BayBook:Salary                       -4615.38 USD
  Income:US:BayBook:GroupTermLife                  -24.32 USD
  Expenses:Health:Life:GroupTermLife                24.32 USD
  Expenses:Health:Dental:Insurance                   2.90 USD
  Expenses:Health:Medical:Insurance                 27.38 USD
  Expenses:Health:Vision:Insurance                  42.30 USD
  Expenses:Taxes:Y2021:US:Medicare                 106.62 USD
  Expenses:Taxes:Y2021:US:Federal                 1062.92 USD
  Expenses:Taxes:Y2021:US:State                    365.08 USD
  Expenses:Taxes:Y2021:US:CityNYC                  174.92 USD
  Expenses:Taxes:Y2021:US:SDI                        1.12 USD
  Expenses:Taxes:Y2021:US:SocSec                   281.54 USD
  Assets:US:Federal:PreTax401k                       0.00 IRAUSD
  Assets:US:BayBook:Vacation                            5 VACHR
  Income:US:BayBook:Vacation                           -5 VACHR

2021-10-28 * "BayBook" "Payroll"
  Assets:US:BofA:Checking                         2550.60 USD
  Income:US:BayBook:Salary                       -4615.38 USD
  Income:US:BayBook:GroupTermLife                  -24.32 USD
  Expenses:Health:Life:GroupTermLife                24.32 USD
  Expenses:Health:Dental:Insurance                   2.90 USD
  Expenses:Health:Medical:Insurance                 27.38 USD
  Expenses:Health:Vision:Insurance                  42.30 USD
  Expenses:Taxes:Y2021:US:Medicare                 106.62 USD
  Expenses:Taxes:Y2021:US:Federal                 1062.92 USD
  Expenses:Taxes:Y2021:US:State                    365.08 USD
  Expenses:Taxes:Y2021:US:CityNYC                  174.92 USD
  Expenses:Taxes:Y2021:US:SDI                        1.12 USD
  Expenses:Taxes:Y2021:US:SocSec                   281.54 USD
  Assets:US:Federal:PreTax401k                       0.00 IRAUSD
  Assets:US:BayBook:Vacation                            5 VACHR
  Income:US:BayBook:Vacation                           -5 VACHR

2021-11-11 * "BayBook" "Payroll"
  Assets:US:BofA:Checking                         2550.60 USD
  Income:US:BayBook:Salary                       -4615.38 USD
  Income:US:BayBook:GroupTermLife                  -24.32 USD
  Expenses:Health:Life:GroupTermLife                24.32 USD
  Expenses:Health:Dental:Insurance                   2.90 USD
  Expenses:Health:Medical:Insurance                 27.38 USD
  Expenses:Health:Vision:Insurance                  42.30 USD
  Expenses:Taxes:Y2021:US:Medicare                 106.62 USD
  Expenses:Taxes:Y2021:US:Federal                 1062.92 USD
  Expenses:Taxes:Y2021:US:State                    365.08 USD
  Expenses:Taxes:Y2021:US:CityNYC                  174.92 USD
  Expenses:Taxes:Y2021:US:SDI                        1.12 USD
  Expenses:Taxes:Y2021:US:SocSec                   281.54 USD
  Assets:US:Federal:PreTax401k                       0.00 IRAUSD
  Assets:US:BayBook:Vacation                            5 VACHR
  Income:US:BayBook:Vacation                           -5 VACHR

2021-11-25 * "BayBook" "Payroll"
  Assets:US:BofA:Checking                         2550.60 USD
  Income:US:BayBook:Salary                       -4615.38 USD
  Income:US:BayBook:GroupTermLife                  -24.32 USD
  Expenses:Health:Life:GroupTermLife                24.32 USD
  Expenses:Health:Dental:Insurance                   2.90 USD
  Expenses:Health:Medical:Insurance                 27.38 USD
  Expenses:Health:Vision:Insurance                  42.30 USD
  Expenses:Taxes:Y2021:US:Medicare                 106.62 USD
  Expenses:Taxes:Y2021:US:Federal                 1062.92 USD
  Expenses:Taxes:Y2021:US:State                    365.08 USD
  Expenses:Taxes:Y2021:US:CityNYC                  174.92 USD
  Expenses:Taxes:Y2021:US:SDI                        1.12 USD
  Expenses:Taxes:Y2021:US:SocSec                   281.54 USD
  Assets:US:Federal:PreTax401k                       0.00 IRAUSD
  Assets:US:BayBook:Vacation                            5 VACHR
  Income:US:BayBook:Vacation                           -5 VACHR

2021-12-09 * "BayBook" "Payroll"
  Assets:US:BofA:Checking                         2589.06 USD
  Income:US:BayBook:Salary                       -4615.38 USD
  Income:US:BayBook:GroupTermLife                  -24.32 USD
  Expenses:Health:Life:GroupTermLife                24.32 USD
  Expenses:Health:Dental:Insurance                   2.90 USD
  Expenses:Health:Medical:Insurance                 27.38 USD
  Expenses:Health:Vision:Insurance                  42.30 USD
  Expenses:Taxes:Y2021:US:Medicare                 106.62 USD
  Expenses:Taxes:Y2021:US:Federal                 1062.92 USD
  Expenses:Taxes:Y2021:US:State                    365.08 USD
  Expenses:Taxes:Y2021:US:CityNYC                  174.92 USD
  Expenses:Taxes:Y2021:US:SDI                        1.12 USD
  Expenses:Taxes:Y2021:US:SocSec                   243.08 USD
  Assets:US:Federal:PreTax401k                       0.00 IRAUSD
  Assets:US:BayBook:Vacation                            5 VACHR
  Income:US:BayBook:Vacation                           -5 VACHR

2021-12-23 * "BayBook" "Payroll"
  Assets:US:BofA:Checking                         2832.14 USD
  Income:US:BayBook:Salary                       -4615.38 USD
  Income:US:BayBook:GroupTermLife                  -24.32 USD
  Expenses:Health:Life:GroupTermLife                24.32 USD
  Expenses:Health:Dental:Insurance                   2.90 USD
  Expenses:Health:Medical:Insurance                 27.38 USD
  Expenses:Health:Vision:Insurance                  42.30 USD
  Expenses:Taxes:Y2021:US:Medicare                 106.62 USD
  Expenses:Taxes:Y2021:US:Federal                 1062.92 USD
  Expenses:Taxes:Y2021:US:State                    365.08 USD
  Expenses:Taxes:Y2021:US:CityNYC                  174.92 USD
  Expenses:Taxes:Y2021:US:SDI                        1.12 USD
  Expenses:Taxes:Y2021:US:SocSec                     0.00 USD
  Assets:US:Federal:PreTax401k                       0.00 IRAUSD
  Assets:US:BayBook:Vacation                            5 VACHR
  Income:US:BayBook:Vacation                           -5 VACHR

2022-01-06 * "BayBook" "Payroll"
  Assets:US:BofA:Checking                         1350.60 USD
  Assets:US:Vanguard:Cash                         1200.00 USD
  Income:US:BayBook:Salary                       -4615.38 USD
  Income:US:BayBook:GroupTermLife                  -24.32 USD
  Expenses:Health:Life:GroupTermLife                24.32 USD
  Expenses:Health:Dental:Insurance                   2.90 USD
  Expenses:Health:Medical:Insurance                 27.38 USD
  Expenses:Health:Vision:Insurance                  42.30 USD
  Expenses:Taxes:Y2022:US:Medicare                 106.62 USD
  Expenses:Taxes:Y2022:US:Federal                 1062.92 USD
  Expenses:Taxes:Y2022:US:State                    365.08 USD
  Expenses:Taxes:Y2022:US:CityNYC                  174.92 USD
  Expenses:Taxes:Y2022:US:SDI                        1.12 USD
  Expenses:Taxes:Y2022:US:SocSec                   281.54 USD
  Assets:US:Federal:PreTax401k                   -1200.00 IRAUSD
  Expenses:Taxes:Y2022:US:Federal:PreTax401k      1200.00 IRAUSD
  Assets:US:BayBook:Vacation                            5 VACHR
  Income:US:BayBook:Vacation                           -5 VACHR

2022-01-20 * "BayBook" "Payroll"
  Assets:US:BofA:Checking                         1350.60 USD
  Assets:US:Vanguard:Cash                         1200.00 USD
  Income:US:BayBook:Salary                       -4615.38 USD
  Income:US:BayBook:GroupTermLife                  -24.32 USD
  Expenses:Health:Life:GroupTermLife                24.32 USD
  Expenses:Health:Dental:Insurance                   2.90 USD
  Expenses:Health:Medical:Insurance                 27.38 USD
  Expenses:Health:Vision:Insurance                  42.30 USD
  Expenses:Taxes:Y2022:US:Medicare                 106.62 USD
  Expenses:Taxes:Y2022:US:Federal                 1062.92 USD
  Expenses:Taxes:Y2022:US:State                    365.08 USD
  Expenses:Taxes:Y2022:US:CityNYC                  174.92 USD
  Expenses:Taxes:Y2022:US:SDI                        1.12 USD
  Expenses:Taxes:Y2022:US:SocSec                   281.54 USD
  Assets:US:Federal:PreTax401k                   -1200.00 IRAUSD
  Expenses:Taxes:Y2022:US:Federal:PreTax401k      1200.00 IRAUSD
  Assets:US:BayBook:Vacation                            5 VACHR
  Income:US:BayBook:Vacation                           -5 VACHR

2022-02-03 * "BayBook" "Payroll"
  Assets:US:BofA:Checking                         1350.60 USD
  Assets:US:Vanguard:Cash                         1200.00 USD
  Income:US:BayBook:Salary                       -4615.38 USD
  Income:US:BayBook:GroupTermLife                  -24.32 USD
  Expenses:Health:Life:GroupTermLife                24.32 USD
  Expenses:Health:Dental:Insurance                   2.90 USD
  Expenses:Health:Medical:Insurance                 27.38 USD
  Expenses:Health:Vision:Insurance                  42.30 USD
  Expenses:Taxes:Y2022:US:Medicare                 106.62 USD
  Expenses:Taxes:Y2022:US:Federal                 1062.92 USD
  Expenses:Taxes:Y2022:US:State                    365.08 USD
  Expenses:Taxes:Y2022:US:CityNYC                  174.92 USD
  Expenses:Taxes:Y2022:US:SDI                        1.12 USD
  Expenses:Taxes:Y2022:US:SocSec                   281.54 USD
  Assets:US:Federal:PreTax401k                   -1200.00 IRAUSD
  Expenses:Taxes:Y2022:US:Federal:PreTax401k      1200.00 IRAUSD
  Assets:US:BayBook:Vacation                            5 VACHR
  Income:US:BayBook:Vacation                           -5 VACHR

2022-02-17 * "BayBook" "Payroll"
  Assets:US:BofA:Checking                         1350.60 USD
  Assets:US:Vanguard:Cash                         1200.00 USD
  Income:US:BayBook:Salary                       -4615.38 USD
  Income:US:BayBook:GroupTermLife                  -24.32 USD
  Expenses:Health:Life:GroupTermLife                24.32 USD
  Expenses:Health:Dental:Insurance                   2.90 USD
  Expenses:Health:Medical:Insurance                 27.38 USD
  Expenses:Health:Vision:Insurance                  42.30 USD
  Expenses:Taxes:Y2022:US:Medicare                 106.62 USD
  Expenses:Taxes:Y2022:US:Federal                 1062.92 USD
  Expenses:Taxes:Y2022:US:State                    365.08 USD
  Expenses:Taxes:Y2022:US:CityNYC                  174.92 USD
  Expenses:Taxes:Y2022:US:SDI                        1.12 USD
  Expenses:Taxes:Y2022:US:SocSec                   281.54 USD
  Assets:US:Federal:PreTax401k                   -1200.00 IRAUSD
  Expenses:Taxes:Y2022:US:Federal:PreTax401k      1200.00 IRAUSD
  Assets:US:BayBook:Vacation                            5 VACHR
  Income:US:BayBook:Vacation                           -5 VACHR

2022-03-03 * "BayBook" "Payroll"
  Assets:US:BofA:Checking                         1350.60 USD
  Assets:US:Vanguard:Cash                         1200.00 USD
  Income:US:BayBook:Salary                       -4615.38 USD
  Income:US:BayBook:GroupTermLife                  -24.32 USD
  Expenses:Health:Life:GroupTermLife                24.32 USD
  Expenses:Health:Dental:Insurance                   2.90 USD
  Expenses:Health:Medical:Insurance                 27.38 USD
  Expenses:Health:Vision:Insurance                  42.30 USD
  Expenses:Taxes:Y2022:US:Medicare                 106.62 USD
  Expenses:Taxes:Y2022:US:Federal                 1062.92 USD
  Expenses:Taxes:Y2022:US:State                    365.08 USD
  Expenses:Taxes:Y2022:US:CityNYC                  174.92 USD
  Expenses:Taxes:Y2022:US:SDI                        1.12 USD
  Expenses:Taxes:Y2022:US:SocSec                   281.54 USD
  Assets:US:Federal:PreTax401k                   -1200.00 IRAUSD
  Expenses:Taxes:Y2022:US:Federal:PreTax401k      1200.00 IRAUSD
  Assets:US:BayBook:Vacation                            5 VACHR
  Income:US:BayBook:Vacation                           -5 VACHR

2022-03-17 * "BayBook" "Payroll"
  Assets:US:BofA:Checking                         1350.60 USD
  Assets:US:Vanguard:Cash                         1200.00 USD
  Income:US:BayBook:Salary                       -4615.38 USD
  Income:US:BayBook:GroupTermLife                  -24.32 USD
  Expenses:Health:Life:GroupTermLife                24.32 USD
  Expenses:Health:Dental:Insurance                   2.90 USD
  Expenses:Health:Medical:Insurance                 27.38 USD
  Expenses:Health:Vision:Insurance                  42.30 USD
  Expenses:Taxes:Y2022:US:Medicare                 106.62 USD
  Expenses:Taxes:Y2022:US:Federal                 1062.92 USD
  Expenses:Taxes:Y2022:US:State                    365.08 USD
  Expenses:Taxes:Y2022:US:CityNYC                  174.92 USD
  Expenses:Taxes:Y2022:US:SDI                        1.12 USD
  Expenses:Taxes:Y2022:US:SocSec                   281.54 USD
  Assets:US:Federal:PreTax401k                   -1200.00 IRAUSD
  Expenses:Taxes:Y2022:US:Federal:PreTax401k      1200.00 IRAUSD
  Assets:US:BayBook:Vacation                            5 VACHR
  Income:US:BayBook:Vacation                           -5 VACHR

2022-03-31 * "BayBook" "Payroll"
  Assets:US:BofA:Checking                         1350.60 USD
  Assets:US:Vanguard:Cash                         1200.00 USD
  Income:US:BayBook:Salary                       -4615.38 USD
  Income:US:BayBook:GroupTermLife                  -24.32 USD
  Expenses:Health:Life:GroupTermLife                24.32 USD
  Expenses:Health:Dental:Insurance                   2.90 USD
  Expenses:Health:Medical:Insurance                 27.38 USD
  Expenses:Health:Vision:Insurance                  42.30 USD
  Expenses:Taxes:Y2022:US:Medicare                 106.62 USD
  Expenses:Taxes:Y2022:US:Federal                 1062.92 USD
  Expenses:Taxes:Y2022:US:State                    365.08 USD
  Expenses:Taxes:Y2022:US:CityNYC                  174.92 USD
  Expenses:Taxes:Y2022:US:SDI                        1.12 USD
  Expenses:Taxes:Y2022:US:SocSec                   281.54 USD
  Assets:US:Federal:PreTax401k                   -1200.00 IRAUSD
  Expenses:Taxes:Y2022:US:Federal:PreTax401k      1200.00 IRAUSD
  Assets:US:BayBook:Vacation                            5 VACHR
  Income:US:BayBook:Vacation                           -5 VACHR

2022-04-14 * "BayBook" "Payroll"
  Assets:US:BofA:Checking                         1350.60 USD
  Assets:US:Vanguard:Cash                         1200.00 USD
  Income:US:BayBook:Salary                       -4615.38 USD
  Income:US:BayBook:GroupTermLife                  -24.32 USD
  Expenses:Health:Life:GroupTermLife                24.32 USD
  Expenses:Health:Dental:Insurance                   2.90 USD
  Expenses:Health:Medical:Insurance                 27.38 USD
  Expenses:Health:Vision:Insurance                  42.30 USD
  Expenses:Taxes:Y2022:US:Medicare                 106.62 USD
  Expenses:Taxes:Y2022:US:Federal                 1062.92 USD
  Expenses:Taxes:Y2022:US:State                    365.08 USD
  Expenses:Taxes:Y2022:US:CityNYC                  174.92 USD
  Expenses:Taxes:Y2022:US:SDI                        1.12 USD
  Expenses:Taxes:Y2022:US:SocSec                   281.54 USD
  Assets:US:Federal:PreTax401k                   -1200.00 IRAUSD
  Expenses:Taxes:Y2022:US:Federal:PreTax401k      1200.00 IRAUSD
  Assets:US:BayBook:Vacation                            5 VACHR
  Income:US:BayBook:Vacation                           -5 VACHR

2022-04-28 * "BayBook" "Payroll"
  Assets:US:BofA:Checking                         1350.60 USD
  Assets:US:Vanguard:Cash                         1200.00 USD
  Income:US:BayBook:Salary                       -4615.38 USD
  Income:US:BayBook:GroupTermLife                  -24.32 USD
  Expenses:Health:Life:GroupTermLife                24.32 USD
  Expenses:Health:Dental:Insurance                   2.90 USD
  Expenses:Health:Medical:Insurance                 27.38 USD
  Expenses:Health:Vision:Insurance                  42.30 USD
  Expenses:Taxes:Y2022:US:Medicare                 106.62 USD
  Expenses:Taxes:Y2022:US:Federal                 1062.92 USD
  Expenses:Taxes:Y2022:US:State                    365.08 USD
  Expenses:Taxes:Y2022:US:CityNYC                  174.92 USD
  Expenses:Taxes:Y2022:US:SDI                        1.12 USD
  Expenses:Taxes:Y2022:US:SocSec                   281.54 USD
  Assets:US:Federal:PreTax401k                   -1200.00 IRAUSD
  Expenses:Taxes:Y2022:US:Federal:PreTax401k      1200.00 IRAUSD
  Assets:US:BayBook:Vacation                            5 VACHR
  Income:US:BayBook:Vacation                           -5 VACHR

2022-05-12 * "BayBook" "Payroll"
  Assets:US:BofA:Checking                         1350.60 USD
  Assets:US:Vanguard:Cash                         1200.00 USD
  Income:US:BayBook:Salary                       -4615.38 USD
  Income:US:BayBook:GroupTermLife                  -24.32 USD
  Expenses:Health:Life:GroupTermLife                24.32 USD
  Expenses:Health:Dental:Insurance                   2.90 USD
  Expenses:Health:Medical:Insurance                 27.38 USD
  Expenses:Health:Vision:Insurance                  42.30 USD
  Expenses:Taxes:Y2022:US:Medicare                 106.62 USD
  Expenses:Taxes:Y2022:US:Federal                 1062.92 USD
  Expenses:Taxes:Y2022:US:State                    365.08 USD
  Expenses:Taxes:Y2022:US:CityNYC                  174.92 USD
  Expenses:Taxes:Y2022:US:SDI                        1.12 USD
  Expenses:Taxes:Y2022:US:SocSec                   281.54 USD
  Assets:US:Federal:PreTax401k                   -1200.00 IRAUSD
  Expenses:Taxes:Y2022:US:Federal:PreTax401k      1200.00 IRAUSD
  Assets:US:BayBook:Vacation                            5 VACHR
  Income:US:BayBook:Vacation                           -5 VACHR

2022-05-26 * "BayBook" "Payroll"
  Assets:US:BofA:Checking                         1350.60 USD
  Assets:US:Vanguard:Cash                         1200.00 USD
  Income:US:BayBook:Salary                       -4615.38 USD
  Income:US:BayBook:GroupTermLife                  -24.32 USD
  Expenses:Health:Life:GroupTermLife                24.32 USD
  Expenses:Health:Dental:Insurance                   2.90 USD
  Expenses:Health:Medical:Insurance                 27.38 USD
  Expenses:Health:Vision:Insurance                  42.30 USD
  Expenses:Taxes:Y2022:US:Medicare                 106.62 USD
  Expenses:Taxes:Y2022:US:Federal                 1062.92 USD
  Expenses:Taxes:Y2022:US:State                    365.08 USD
  Expenses:Taxes:Y2022:US:CityNYC                  174.92 USD
  Expenses:Taxes:Y2022:US:SDI                        1.12 USD
  Expenses:Taxes:Y2022:US:SocSec                   281.54 USD
  Assets:US:Federal:PreTax401k                   -1200.00 IRAUSD
  Expenses:Taxes:Y2022:US:Federal:PreTax401k      1200.00 IRAUSD
  Assets:US:BayBook:Vacation                            5 VACHR
  Income:US:BayBook:Vacation                           -5 VACHR

2022-06-09 * "BayBook" "Payroll"
  Assets:US:BofA:Checking                         1350.60 USD
  Assets:US:Vanguard:Cash                         1200.00 USD
  Income:US:BayBook:Salary                       -4615.38 USD
  Income:US:BayBook:GroupTermLife                  -24.32 USD
  Expenses:Health:Life:GroupTermLife                24.32 USD
  Expenses:Health:Dental:Insurance                   2.90 USD
  Expenses:Health:Medical:Insurance                 27.38 USD
  Expenses:Health:Vision:Insurance                  42.30 USD
  Expenses:Taxes:Y2022:US:Medicare                 106.62 USD
  Expenses:Taxes:Y2022:US:Federal                 1062.92 USD
  Expenses:Taxes:Y2022:US:State                    365.08 USD
  Expenses:Taxes:Y2022:US:CityNYC                  174.92 USD
  Expenses:Taxes:Y2022:US:SDI                        1.12 USD
  Expenses:Taxes:Y2022:US:SocSec                   281.54 USD
  Assets:US:Federal:PreTax401k                   -1200.00 IRAUSD
  Expenses:Taxes:Y2022:US:Federal:PreTax401k      1200.00 IRAUSD
  Assets:US:BayBook:Vacation                            5 VACHR
  Income:US:BayBook:Vacation                           -5 VACHR

2022-06-23 * "BayBook" "Payroll"
  Assets:US:BofA:Checking                         1350.60 USD
  Assets:US:Vanguard:Cash                         1200.00 USD
  Income:US:BayBook:Salary                       -4615.38 USD
  Income:US:BayBook:GroupTermLife                  -24.32 USD
  Expenses:Health:Life:GroupTermLife                24.32 USD
  Expenses:Health:Dental:Insurance                   2.90 USD
  Expenses:Health:Medical:Insurance                 27.38 USD
  Expenses:Health:Vision:Insurance                  42.30 USD
  Expenses:Taxes:Y2022:US:Medicare                 106.62 USD
  Expenses:Taxes:Y2022:US:Federal                 1062.92 USD
  Expenses:Taxes:Y2022:US:State                    365.08 USD
  Expenses:Taxes:Y2022:US:CityNYC                  174.92 USD
  Expenses:Taxes:Y2022:US:SDI                        1.12 USD
  Expenses:Taxes:Y2022:US:SocSec                   281.54 USD
  Assets:US:Federal:PreTax401k                   -1200.00 IRAUSD
  Expenses:Taxes:Y2022:US:Federal:PreTax401k      1200.00 IRAUSD
  Assets:US:BayBook:Vacation                            5 VACHR
  Income:US:BayBook:Vacation                           -5 VACHR

2022-07-07 * "BayBook" "Payroll"
  Assets:US:BofA:Checking                         1350.60 USD
  Assets:US:Vanguard:Cash                         1200.00 USD
  Income:US:BayBook:Salary                       -4615.38 USD
  Income:US:BayBook:GroupTermLife                  -24.32 USD
  Expenses:Health:Life:GroupTermLife                24.32 USD
  Expenses:Health:Dental:Insurance                   2.90 USD
  Expenses:Health:Medical:Insurance                 27.38 USD
  Expenses:Health:Vision:Insurance                  42.30 USD
  Expenses:Taxes:Y2022:US:Medicare                 106.62 USD
  Expenses:Taxes:Y2022:US:Federal                 1062.92 USD
  Expenses:Taxes:Y2022:US:State                    365.08 USD
  Expenses:Taxes:Y2022:US:CityNYC                  174.92 USD
  Expenses:Taxes:Y2022:US:SDI                        1.12 USD
  Expenses:Taxes:Y2022:US:SocSec                   281.54 USD
  Assets:US:Federal:PreTax401k                   -1200.00 IRAUSD
  Expenses:Taxes:Y2022:US:Federal:PreTax401k      1200.00 IRAUSD
  Assets:US:BayBook:Vacation                            5 VACHR
  Income:US:BayBook:Vacation                           -5 VACHR

2022-07-21 * "BayBook" "Payroll"
  Assets:US:BofA:Checking                         1350.60 USD
  Assets:US:Vanguard:Cash                         1200.00 USD
  Income:US:BayBook:Salary                       -4615.38 USD
  Income:US:BayBook:GroupTermLife                  -24.32 USD
  Expenses:Health:Life:GroupTermLife                24.32 USD
  Expenses:Health:Dental:Insurance                   2.90 USD
  Expenses:Health:Medical:Insurance                 27.38 USD
  Expenses:Health:Vision:Insurance                  42.30 USD
  Expenses:Taxes:Y2022:US:Medicare                 106.62 USD
  Expenses:Taxes:Y2022:US:Federal                 1062.92 USD
  Expenses:Taxes:Y2022:US:State                    365.08 USD
  Expenses:Taxes:Y2022:US:CityNYC                  174.92 USD
  Expenses:Taxes:Y2022:US:SDI                        1.12 USD
  Expenses:Taxes:Y2022:US:SocSec                   281.54 USD
  Assets:US:Federal:PreTax401k                   -1200.00 IRAUSD
  Expenses:Taxes:Y2022:US:Federal:PreTax401k      1200.00 IRAUSD
  Assets:US:BayBook:Vacation                            5 VACHR
  Income:US:BayBook:Vacation                           -5 VACHR

2022-08-04 * "BayBook" "Payroll"
  Assets:US:BofA:Checking                         2050.60 USD
  Assets:US:Vanguard:Cash                          500.00 USD
  Income:US:BayBook:Salary                       -4615.38 USD
  Income:US:BayBook:GroupTermLife                  -24.32 USD
  Expenses:Health:Life:GroupTermLife                24.32 USD
  Expenses:Health:Dental:Insurance                   2.90 USD
  Expenses:Health:Medical:Insurance                 27.38 USD
  Expenses:Health:Vision:Insurance                  42.30 USD
  Expenses:Taxes:Y2022:US:Medicare                 106.62 USD
  Expenses:Taxes:Y2022:US:Federal                 1062.92 USD
  Expenses:Taxes:Y2022:US:State                    365.08 USD
  Expenses:Taxes:Y2022:US:CityNYC                  174.92 USD
  Expenses:Taxes:Y2022:US:SDI                        1.12 USD
  Expenses:Taxes:Y2022:US:SocSec                   281.54 USD
  Assets:US:Federal:PreTax401k                    -500.00 IRAUSD
  Expenses:Taxes:Y2022:US:Federal:PreTax401k       500.00 IRAUSD
  Assets:US:BayBook:Vacation                            5 VACHR
  Income:US:BayBook:Vacation                           -5 VACHR

2022-08-18 * "BayBook" "Payroll"
  Assets:US:BofA:Checking                         2550.60 USD
  Income:US:BayBook:Salary                       -4615.38 USD
  Income:US:BayBook:GroupTermLife                  -24.32 USD
  Expenses:Health:Life:GroupTermLife                24.32 USD
  Expenses:Health:Dental:Insurance                   2.90 USD
  Expenses:Health:Medical:Insurance                 27.38 USD
  Expenses:Health:Vision:Insurance                  42.30 USD
  Expenses:Taxes:Y2022:US:Medicare                 106.62 USD
  Expenses:Taxes:Y2022:US:Federal                 1062.92 USD
  Expenses:Taxes:Y2022:US:State                    365.08 USD
  Expenses:Taxes:Y2022:US:CityNYC                  174.92 USD
  Expenses:Taxes:Y2022:US:SDI                        1.12 USD
  Expenses:Taxes:Y2022:US:SocSec                   281.54 USD
  Assets:US:Federal:PreTax401k                       0.00 IRAUSD
  Assets:US:BayBook:Vacation                            5 VACHR
  Income:US:BayBook:Vacation                           -5 VACHR

2022-09-01 * "BayBook" "Payroll"
  Assets:US:BofA:Checking                         2550.60 USD
  Income:US:BayBook:Salary                       -4615.38 USD
  Income:US:BayBook:GroupTermLife                  -24.32 USD
  Expenses:Health:Life:GroupTermLife                24.32 USD
  Expenses:Health:Dental:Insurance                   2.90 USD
  Expenses:Health:Medical:Insurance                 27.38 USD
  Expenses:Health:Vision:Insurance                  42.30 USD
  Expenses:Taxes:Y2022:US:Medicare                 106.62 USD
  Expenses:Taxes:Y2022:US:Federal                 1062.92 USD
  Expenses:Taxes:Y2022:US:State                    365.08 USD
  Expenses:Taxes:Y2022:US:CityNYC                  174.92 USD
  Expenses:Taxes:Y2022:US:SDI                        1.12 USD
  Expenses:Taxes:Y2022:US:SocSec                   281.54 USD
  Assets:US:Federal:PreTax401k                       0.00 IRAUSD
  Assets:US:BayBook:Vacation                            5 VACHR
  Income:US:BayBook:Vacation                           -5 VACHR

2022-09-15 * "BayBook" "Payroll"
  Assets:US:BofA:Checking                         2550.60 USD
  Income:US:BayBook:Salary                       -4615.38 USD
  Income:US:BayBook:GroupTermLife                  -24.32 USD
  Expenses:Health:Life:GroupTermLife                24.32 USD
  Expenses:Health:Dental:Insurance                   2.90 USD
  Expenses:Health:Medical:Insurance                 27.38 USD
  Expenses:Health:Vision:Insurance                  42.30 USD
  Expenses:Taxes:Y2022:US:Medicare                 106.62 USD
  Expenses:Taxes:Y2022:US:Federal                 1062.92 USD
  Expenses:Taxes:Y2022:US:State                    365.08 USD
  Expenses:Taxes:Y2022:US:CityNYC                  174.92 USD
  Expenses:Taxes:Y2022:US:SDI                        1.12 USD
  Expenses:Taxes:Y2022:US:SocSec                   281.54 USD
  Assets:US:Federal:PreTax401k                       0.00 IRAUSD
  Assets:US:BayBook:Vacation                            5 VACHR
  Income:US:BayBook:Vacation                           -5 VACHR

2022-09-29 * "BayBook" "Payroll"
  Assets:US:BofA:Checking                         2550.60 USD
  Income:US:BayBook:Salary                       -4615.38 USD
  Income:US:BayBook:GroupTermLife                  -24.32 USD
  Expenses:Health:Life:GroupTermLife                24.32 USD
  Expenses:Health:Dental:Insurance                   2.90 USD
  Expenses:Health:Medical:Insurance                 27.38 USD
  Expenses:Health:Vision:Insurance                  42.30 USD
  Expenses:Taxes:Y2022:US:Medicare                 106.62 USD
  Expenses:Taxes:Y2022:US:Federal                 1062.92 USD
  Expenses:Taxes:Y2022:US:State                    365.08 USD
  Expenses:Taxes:Y2022:US:CityNYC                  174.92 USD
  Expenses:Taxes:Y2022:US:SDI                        1.12 USD
  Expenses:Taxes:Y2022:US:SocSec                   281.54 USD
  Assets:US:Federal:PreTax401k                       0.00 IRAUSD
  Assets:US:BayBook:Vacation                            5 VACHR
  Income:US:BayBook:Vacation                           -5 VACHR

2022-10-13 * "BayBook" "Payroll"
  Assets:US:BofA:Checking                         2550.60 USD
  Income:US:BayBook:Salary                       -4615.38 USD
  Income:US:BayBook:GroupTermLife                  -24.32 USD
  Expenses:Health:Life:GroupTermLife                24.32 USD
  Expenses:Health:Dental:Insurance                   2.90 USD
  Expenses:Health:Medical:Insurance                 27.38 USD
  Expenses:Health:Vision:Insurance                  42.30 USD
  Expenses:Taxes:Y2022:US:Medicare                 106.62 USD
  Expenses:Taxes:Y2022:US:Federal                 1062.92 USD
  Expenses:Taxes:Y2022:US:State                    365.08 USD
  Expenses:Taxes:Y2022:US:CityNYC                  174.92 USD
  Expenses:Taxes:Y2022:US:SDI                        1.12 USD
  Expenses:Taxes:Y2022:US:SocSec                   281.54 USD
  Assets:US:Federal:PreTax401k                       0.00 IRAUSD
  Assets:US:BayBook:Vacation                            5 VACHR
  Income:US:BayBook:Vacation                           -5 VACHR

2022-10-27 * "BayBook" "Payroll"
  Assets:US:BofA:Checking                         2550.60 USD
  Income:US:BayBook:Salary                       -4615.38 USD
  Income:US:BayBook:GroupTermLife                  -24.32 USD
  Expenses:Health:Life:GroupTermLife                24.32 USD
  Expenses:Health:Dental:Insurance                   2.90 USD
  Expenses:Health:Medical:Insurance                 27.38 USD
  Expenses:Health:Vision:Insurance                  42.30 USD
  Expenses:Taxes:Y2022:US:Medicare                 106.62 USD
  Expenses:Taxes:Y2022:US:Federal                 1062.92 USD
  Expenses:Taxes:Y2022:US:State                    365.08 USD
  Expenses:Taxes:Y2022:US:CityNYC                  174.92 USD
  Expenses:Taxes:Y2022:US:SDI                        1.12 USD
  Expenses:Taxes:Y2022:US:SocSec                   281.54 USD
  Assets:US:Federal:PreTax401k                       0.00 IRAUSD
  Assets:US:BayBook:Vacation                            5 VACHR
  Income:US:BayBook:Vacation                           -5 VACHR

2022-11-10 * "BayBook" "Payroll"
  Assets:US:BofA:Checking                         2550.60 USD
  Income:US:BayBook:Salary                       -4615.38 USD
  Income:US:BayBook:GroupTermLife                  -24.32 USD
  Expenses:Health:Life:GroupTermLife                24.32 USD
  Expenses:Health:Dental:Insurance                   2.90 USD
  Expenses:Health:Medical:Insurance                 27.38 USD
  Expenses:Health:Vision:Insurance                  42.30 USD
  Expenses:Taxes:Y2022:US:Medicare                 106.62 USD
  Expenses:Taxes:Y2022:US:Federal                 1062.92 USD
  Expenses:Taxes:Y2022:US:State                    365.08 USD
  Expenses:Taxes:Y2022:US:CityNYC                  174.92 USD
  Expenses:Taxes:Y2022:US:SDI                        1.12 USD
  Expenses:Taxes:Y2022:US:SocSec                   281.54 USD
  Assets:US:Federal:PreTax401k                       0.00 IRAUSD
  Assets:US:BayBook:Vacation                            5 VACHR
  Income:US:BayBook:Vacation                           -5 VACHR

2022-11-24 * "BayBook" "Payroll"
  Assets:US:BofA:Checking                         2550.60 USD
  Income:US:BayBook:Salary                       -4615.38 USD
  Income:US:BayBook:GroupTermLife                  -24.32 USD
  Expenses:Health:Life:GroupTermLife                24.32 USD
  Expenses:Health:Dental:Insurance                   2.90 USD
  Expenses:Health:Medical:Insurance                 27.38 USD
  Expenses:Health:Vision:Insurance                  42.30 USD
  Expenses:Taxes:Y2022:US:Medicare                 106.62 USD
  Expenses:Taxes:Y2022:US:Federal                 1062.92 USD
  Expenses:Taxes:Y2022:US:State                    365.08 USD
  Expenses:Taxes:Y2022:US:CityNYC                  174.92 USD
  Expenses:Taxes:Y2022:US:SDI                        1.12 USD
  Expenses:Taxes:Y2022:US:SocSec                   281.54 USD
  Assets:US:Federal:PreTax401k                       0.00 IRAUSD
  Assets:US:BayBook:Vacation                            5 VACHR
  Income:US:BayBook:Vacation                           -5 VACHR

2022-12-08 * "BayBook" "Payroll"
  Assets:US:BofA:Checking                         2589.06 USD
  Income:US:BayBook:Salary                       -4615.38 USD
  Income:US:BayBook:GroupTermLife                  -24.32 USD
  Expenses:Health:Life:GroupTermLife                24.32 USD
  Expenses:Health:Dental:Insurance                   2.90 USD
  Expenses:Health:Medical:Insurance                 27.38 USD
  Expenses:Health:Vision:Insurance                  42.30 USD
  Expenses:Taxes:Y2022:US:Medicare                 106.62 USD
  Expenses:Taxes:Y2022:US:Federal                 1062.92 USD
  Expenses:Taxes:Y2022:US:State                    365.08 USD
  Expenses:Taxes:Y2022:US:CityNYC                  174.92 USD
  Expenses:Taxes:Y2022:US:SDI                        1.12 USD
  Expenses:Taxes:Y2022:US:SocSec                   243.08 USD
  Assets:US:Federal:PreTax401k                       0.00 IRAUSD
  Assets:US:BayBook:Vacation                            5 VACHR
  Income:US:BayBook:Vacation                           -5 VACHR

2022-12-22 * "BayBook" "Payroll"
  Assets:US:BofA:Checking                         2832.14 USD
  Income:US:BayBook:Salary                       -4615.38 USD
  Income:US:BayBook:GroupTermLife                  -24.32 USD
  Expenses:Health:Life:GroupTermLife                24.32 USD
  Expenses:Health:Dental:Insurance                   2.90 USD
  Expenses:Health:Medical:Insurance                 27.38 USD
  Expenses:Health:Vision:Insurance                  42.30 USD
  Expenses:Taxes:Y2022:US:Medicare                 106.62 USD
  Expenses:Taxes:Y2022:US:Federal                 1062.92 USD
  Expenses:Taxes:Y2022:US:State                    365.08 USD
  Expenses:Taxes:Y2022:US:CityNYC                  174.92 USD
  Expenses:Taxes:Y2022:US:SDI                        1.12 USD
  Expenses:Taxes:Y2022:US:SocSec                     0.00 USD
  Assets:US:Federal:PreTax401k                       0.00 IRAUSD
  Assets:US:BayBook:Vacation                            5 VACHR
  Income:US:BayBook:Vacation                           -5 VACHR

2023-01-05 * "BayBook" "Payroll"
  Assets:US:BofA:Checking                         1350.60 USD
  Assets:US:Vanguard:Cash                         1200.00 USD
  Income:US:BayBook:Salary                       -4615.38 USD
  Income:US:BayBook:GroupTermLife                  -24.32 USD
  Expenses:Health:Life:GroupTermLife                24.32 USD
  Expenses:Health:Dental:Insurance                   2.90 USD
  Expenses:Health:Medical:Insurance                 27.38 USD
  Expenses:Health:Vision:Insurance                  42.30 USD
  Expenses:Taxes:Y2023:US:Medicare                 106.62 USD
  Expenses:Taxes:Y2023:US:Federal                 1062.92 USD
  Expenses:Taxes:Y2023:US:State                    365.08 USD
  Expenses:Taxes:Y2023:US:CityNYC                  174.92 USD
  Expenses:Taxes:Y2023:US:SDI                        1.12 USD
  Expenses:Taxes:Y2023:US:SocSec                   281.54 USD
  Assets:US:Federal:PreTax401k                   -1200.00 IRAUSD
  Expenses:Taxes:Y2023:US:Federal:PreTax401k      1200.00 IRAUSD
  Assets:US:BayBook:Vacation                            5 VACHR
  Income:US:BayBook:Vacation                           -5 VACHR

2023-01-19 * "BayBook" "Payroll"
  Assets:US:BofA:Checking                         1350.60 USD
  Assets:US:Vanguard:Cash                         1200.00 USD
  Income:US:BayBook:Salary                       -4615.38 USD
  Income:US:BayBook:GroupTermLife                  -24.32 USD
  Expenses:Health:Life:GroupTermLife                24.32 USD
  Expenses:Health:Dental:Insurance                   2.90 USD
  Expenses:Health:Medical:Insurance                 27.38 USD
  Expenses:Health:Vision:Insurance                  42.30 USD
  Expenses:Taxes:Y2023:US:Medicare                 106.62 USD
  Expenses:Taxes:Y2023:US:Federal                 1062.92 USD
  Expenses:Taxes:Y2023:US:State                    365.08 USD
  Expenses:Taxes:Y2023:US:CityNYC                  174.92 USD
  Expenses:Taxes:Y2023:US:SDI                        1.12 USD
  Expenses:Taxes:Y2023:US:SocSec                   281.54 USD
  Assets:US:Federal:PreTax401k                   -1200.00 IRAUSD
  Expenses:Taxes:Y2023:US:Federal:PreTax401k      1200.00 IRAUSD
  Assets:US:BayBook:Vacation                            5 VACHR
  Income:US:BayBook:Vacation                           -5 VACHR

2023-02-02 * "BayBook" "Payroll"
  Assets:US:BofA:Checking                         1350.60 USD
  Assets:US:Vanguard:Cash                         1200.00 USD
  Income:US:BayBook:Salary                       -4615.38 USD
  Income:US:BayBook:GroupTermLife                  -24.32 USD
  Expenses:Health:Life:GroupTermLife                24.32 USD
  Expenses:Health:Dental:Insurance                   2.90 USD
  Expenses:Health:Medical:Insurance                 27.38 USD
  Expenses:Health:Vision:Insurance                  42.30 USD
  Expenses:Taxes:Y2023:US:Medicare                 106.62 USD
  Expenses:Taxes:Y2023:US:Federal                 1062.92 USD
  Expenses:Taxes:Y2023:US:State                    365.08 USD
  Expenses:Taxes:Y2023:US:CityNYC                  174.92 USD
  Expenses:Taxes:Y2023:US:SDI                        1.12 USD
  Expenses:Taxes:Y2023:US:SocSec                   281.54 USD
  Assets:US:Federal:PreTax401k                   -1200.00 IRAUSD
  Expenses:Taxes:Y2023:US:Federal:PreTax401k      1200.00 IRAUSD
  Assets:US:BayBook:Vacation                            5 VACHR
  Income:US:BayBook:Vacation                           -5 VACHR

2023-02-16 * "BayBook" "Payroll"
  Assets:US:BofA:Checking                         1350.60 USD
  Assets:US:Vanguard:Cash                         1200.00 USD
  Income:US:BayBook:Salary                       -4615.38 USD
  Income:US:BayBook:GroupTermLife                  -24.32 USD
  Expenses:Health:Life:GroupTermLife                24.32 USD
  Expenses:Health:Dental:Insurance                   2.90 USD
  Expenses:Health:Medical:Insurance                 27.38 USD
  Expenses:Health:Vision:Insurance                  42.30 USD
  Expenses:Taxes:Y2023:US:Medicare                 106.62 USD
  Expenses:Taxes:Y2023:US:Federal                 1062.92 USD
  Expenses:Taxes:Y2023:US:State                    365.08 USD
  Expenses:Taxes:Y2023:US:CityNYC                  174.92 USD
  Expenses:Taxes:Y2023:US:SDI                        1.12 USD
  Expenses:Taxes:Y2023:US:SocSec                   281.54 USD
  Assets:US:Federal:PreTax401k                   -1200.00 IRAUSD
  Expenses:Taxes:Y2023:US:Federal:PreTax401k      1200.00 IRAUSD
  Assets:US:BayBook:Vacation                            5 VACHR
  Income:US:BayBook:Vacation                           -5 VACHR

2023-03-02 * "BayBook" "Payroll"
  Assets:US:BofA:Checking                         1350.60 USD
  Assets:US:Vanguard:Cash                         1200.00 USD
  Income:US:BayBook:Salary                       -4615.38 USD
  Income:US:BayBook:GroupTermLife                  -24.32 USD
  Expenses:Health:Life:GroupTermLife                24.32 USD
  Expenses:Health:Dental:Insurance                   2.90 USD
  Expenses:Health:Medical:Insurance                 27.38 USD
  Expenses:Health:Vision:Insurance                  42.30 USD
  Expenses:Taxes:Y2023:US:Medicare                 106.62 USD
  Expenses:Taxes:Y2023:US:Federal                 1062.92 USD
  Expenses:Taxes:Y2023:US:State                    365.08 USD
  Expenses:Taxes:Y2023:US:CityNYC                  174.92 USD
  Expenses:Taxes:Y2023:US:SDI                        1.12 USD
  Expenses:Taxes:Y2023:US:SocSec                   281.54 USD
  Assets:US:Federal:PreTax401k                   -1200.00 IRAUSD
  Expenses:Taxes:Y2023:US:Federal:PreTax401k      1200.00 IRAUSD
  Assets:US:BayBook:Vacation                            5 VACHR
  Income:US:BayBook:Vacation                           -5 VACHR

2023-03-16 * "BayBook" "Payroll"
  Assets:US:BofA:Checking                         1350.60 USD
  Assets:US:Vanguard:Cash                         1200.00 USD
  Income:US:BayBook:Salary                       -4615.38 USD
  Income:US:BayBook:GroupTermLife                  -24.32 USD
  Expenses:Health:Life:GroupTermLife                24.32 USD
  Expenses:Health:Dental:Insurance                   2.90 USD
  Expenses:Health:Medical:Insurance                 27.38 USD
  Expenses:Health:Vision:Insurance                  42.30 USD
  Expenses:Taxes:Y2023:US:Medicare                 106.62 USD
  Expenses:Taxes:Y2023:US:Federal                 1062.92 USD
  Expenses:Taxes:Y2023:US:State                    365.08 USD
  Expenses:Taxes:Y2023:US:CityNYC                  174.92 USD
  Expenses:Taxes:Y2023:US:SDI                        1.12 USD
  Expenses:Taxes:Y2023:US:SocSec                   281.54 USD
  Assets:US:Federal:PreTax401k                   -1200.00 IRAUSD
  Expenses:Taxes:Y2023:US:Federal:PreTax401k      1200.00 IRAUSD
  Assets:US:BayBook:Vacation                            5 VACHR
  Income:US:BayBook:Vacation                           -5 VACHR

2023-03-30 * "BayBook" "Payroll"
  Assets:US:BofA:Checking                         1350.60 USD
  Assets:US:Vanguard:Cash                         1200.00 USD
  Income:US:BayBook:Salary                       -4615.38 USD
  Income:US:BayBook:GroupTermLife                  -24.32 USD
  Expenses:Health:Life:GroupTermLife                24.32 USD
  Expenses:Health:Dental:Insurance                   2.90 USD
  Expenses:Health:Medical:Insurance                 27.38 USD
  Expenses:Health:Vision:Insurance                  42.30 USD
  Expenses:Taxes:Y2023:US:Medicare                 106.62 USD
  Expenses:Taxes:Y2023:US:Federal                 1062.92 USD
  Expenses:Taxes:Y2023:US:State                    365.08 USD
  Expenses:Taxes:Y2023:US:CityNYC                  174.92 USD
  Expenses:Taxes:Y2023:US:SDI                        1.12 USD
  Expenses:Taxes:Y2023:US:SocSec                   281.54 USD
  Assets:US:Federal:PreTax401k                   -1200.00 IRAUSD
  Expenses:Taxes:Y2023:US:Federal:PreTax401k      1200.00 IRAUSD
  Assets:US:BayBook:Vacation                            5 VACHR
  Income:US:BayBook:Vacation                           -5 VACHR

2023-04-13 * "BayBook" "Payroll"
  Assets:US:BofA:Checking                         1350.60 USD
  Assets:US:Vanguard:Cash                         1200.00 USD
  Income:US:BayBook:Salary                       -4615.38 USD
  Income:US:BayBook:GroupTermLife                  -24.32 USD
  Expenses:Health:Life:GroupTermLife                24.32 USD
  Expenses:Health:Dental:Insurance                   2.90 USD
  Expenses:Health:Medical:Insurance                 27.38 USD
  Expenses:Health:Vision:Insurance                  42.30 USD
  Expenses:Taxes:Y2023:US:Medicare                 106.62 USD
  Expenses:Taxes:Y2023:US:Federal                 1062.92 USD
  Expenses:Taxes:Y2023:US:State                    365.08 USD
  Expenses:Taxes:Y2023:US:CityNYC                  174.92 USD
  Expenses:Taxes:Y2023:US:SDI                        1.12 USD
  Expenses:Taxes:Y2023:US:SocSec                   281.54 USD
  Assets:US:Federal:PreTax401k                   -1200.00 IRAUSD
  Expenses:Taxes:Y2023:US:Federal:PreTax401k      1200.00 IRAUSD
  Assets:US:BayBook:Vacation                            5 VACHR
  Income:US:BayBook:Vacation                           -5 VACHR



* Taxes

1980-05-12 open Income:US:Federal:PreTax401k                    IRAUSD
1980-05-12 open Assets:US:Federal:PreTax401k                    IRAUSD



** Tax Year 2021

2021-01-01 open Expenses:Taxes:Y2021:US:Federal:PreTax401k      IRAUSD
2021-01-01 open Expenses:Taxes:Y2021:US:Medicare                USD
2021-01-01 open Expenses:Taxes:Y2021:US:Federal                 USD
2021-01-01 open Expenses:Taxes:Y2021:US:CityNYC                 USD
2021-01-01 open Expenses:Taxes:Y2021:US:SDI                     USD
2021-01-01 open Expenses:Taxes:Y2021:US:State                   USD
2021-01-01 open Expenses:Taxes:Y2021:US:SocSec                  USD

2021-01-01 balance Assets:US:Federal:PreTax401k         0 IRAUSD

2021-01-01 * "Allowed contributions for one year"
  Income:US:Federal:PreTax401k                     -18500 IRAUSD
  Assets:US:Federal:PreTax401k                      18500 IRAUSD

2022-03-25 * "Filing taxes for 2021"
  Expenses:Taxes:Y2021:US:Federal                  482.94 USD
  Expenses:Taxes:Y2021:US:State                    219.14 USD
  Liabilities:AccountsPayable                     -702.08 USD

2022-03-26 * "STATE TAX & FINANC PYMT"
  Assets:US:BofA:Checking                         -219.14 USD
  Liabilities:AccountsPayable                      219.14 USD

2022-03-28 * "FEDERAL TAXPYMT"
  Assets:US:BofA:Checking                         -482.94 USD
  Liabilities:AccountsPayable                      482.94 USD



** Tax Year 2022

2022-01-01 open Expenses:Taxes:Y2022:US:Federal:PreTax401k      IRAUSD
2022-01-01 open Expenses:Taxes:Y2022:US:Medicare                USD
2022-01-01 open Expenses:Taxes:Y2022:US:Federal                 USD
2022-01-01 open Expenses:Taxes:Y2022:US:CityNYC                 USD
2022-01-01 open Expenses:Taxes:Y2022:US:SDI                     USD
2022-01-01 open Expenses:Taxes:Y2022:US:State                   USD
2022-01-01 open Expenses:Taxes:Y2022:US:SocSec                  USD

2022-01-01 balance Assets:US:Federal:PreTax401k         0 IRAUSD

2022-01-01 * "Allowed contributions for one year"
  Income:US:Federal:PreTax401k                     -18500 IRAUSD
  Assets:US:Federal:PreTax401k                      18500 IRAUSD

2023-03-24 * "Filing taxes for 2022"
  Expenses:Taxes:Y2022:US:Federal                  539.49 USD
  Expenses:Taxes:Y2022:US:State                     88.78 USD
  Liabilities:AccountsPayable                     -628.27 USD

2023-03-24 * "STATE TAX & FINANC PYMT"
  Assets:US:BofA:Checking                          -88.78 USD
  Liabilities:AccountsPayable                       88.78 USD

2023-03-28 * "FEDERAL TAXPYMT"
  Assets:US:BofA:Checking                         -539.49 USD
  Liabilities:AccountsPayable                      539.49 USD



** Tax Year 2023

2023-01-01 open Expenses:Taxes:Y2023:US:Federal:PreTax401k      IRAUSD
2023-01-01 open Expenses:Taxes:Y2023:US:Medicare                USD
2023-01-01 open Expenses:Taxes:Y2023:US:Federal                 USD
2023-01-01 open Expenses:Taxes:Y2023:US:CityNYC                 USD
2023-01-01 open Expenses:Taxes:Y2023:US:SDI                     USD
2023-01-01 open Expenses:Taxes:Y2023:US:State                   USD
2023-01-01 open Expenses:Taxes:Y2023:US:SocSec                  USD

2023-01-01 balance Assets:US:Federal:PreTax401k         0 IRAUSD

2023-01-01 * "Allowed contributions for one year"
  Income:US:Federal:PreTax401k                     -18500 IRAUSD
  Assets:US:Federal:PreTax401k                      18500 IRAUSD



* Expenses

1980-05-12 open Expenses:Food:Groceries
1980-05-12 open Expenses:Food:Restaurant
1980-05-12 open Expenses:Food:Coffee
1980-05-12 open Expenses:Food:Alcohol
1980-05-12 open Expenses:Transport:Tram
1980-05-12 open Expenses:Home:Rent
1980-05-12 open Expenses:Home:Electricity
1980-05-12 open Expenses:Home:Internet
1980-05-12 open Expenses:Home:Phone
1980-05-12 open Expenses:Financial:Fees
1980-05-12 open Expenses:Financial:Commissions



* Prices

2021-01-01 price VBMPX                             110.41 USD
2021-01-01 price RGAGX                              95.17 USD
2021-01-01 price ITOT                               85.27 USD
2021-01-01 price VEA                               182.51 USD
2021-01-01 price VHT                               176.48 USD
2021-01-01 price GLD                               137.20 USD
2021-01-08 price VBMPX                             110.29 USD
2021-01-08 price RGAGX                              94.86 USD
2021-01-08 price ITOT                               84.92 USD
2021-01-08 price VEA                               183.73 USD
2021-01-08 price VHT                               174.92 USD
2021-01-08 price GLD                               136.37 USD
2021-01-15 price VBMPX                             109.87 USD
2021-01-15 price RGAGX                              95.47 USD
2021-01-15 price ITOT                               85.15 USD
2021-01-15 price VEA                               184.03 USD
2021-01-15 price VHT                               172.73 USD
2021-01-15 price GLD                               137.88 USD
2021-01-22 price VBMPX                             109.83 USD
2021-01-22 price RGAGX                              93.84 USD
2021-01-22 price ITOT                               83.14 USD
2021-01-22 price VEA                               185.38 USD
2021-01-22 price VHT                               170.62 USD
2021-01-22 price GLD                               137.86 USD
2021-01-29 price VBMPX                             108.93 USD
2021-01-29 price RGAGX                              94.03 USD
2021-01-29 price ITOT                               84.44 USD
2021-01-29 price VEA                               184.33 USD
2021-01-29 price VHT                               168.47 USD
2021-01-29 price GLD                               137.06 USD
2021-02-05 price VBMPX                             108.79 USD
2021-02-05 price RGAGX                              92.19 USD
2021-02-05 price ITOT                               84.07 USD
2021-02-05 price VEA                               185.28 USD
2021-02-05 price VHT                               172.27 USD
2021-02-05 price GLD                               134.69 USD
2021-02-12 price VBMPX                             109.80 USD
2021-02-12 price RGAGX                              92.20 USD
2021-02-12 price ITOT                               84.86 USD
2021-02-12 price VEA                               186.43 USD
2021-02-12 price VHT                               170.04 USD
2021-02-12 price GLD                               133.08 USD
2021-02-19 price VBMPX                             110.11 USD
2021-02-19 price RGAGX                              92.35 USD
2021-02-19 price ITOT                               85.21 USD
2021-02-19 price VEA                               186.51 USD
2021-02-19 price VHT                               170.11 USD
2021-02-19 price GLD                               133.22 USD
2021-02-26 price VBMPX                             110.57 USD
2021-02-26 price RGAGX                              92.66 USD
2021-02-26 price ITOT                               85.27 USD
2021-02-26 price VEA                               186.30 USD
2021-02-26 price VHT                               169.78 USD
2021-02-26 price GLD                               134.79 USD
2021-03-05 price VBMPX                             110.08 USD
2021-03-05 price RGAGX                              91.41 USD
2021-03-05 price ITOT                               86.16 USD
2021-03-05 price VEA                               186.54 USD
2021-03-05 price VHT                               170.43 USD
2021-03-05 price GLD                               134.85 USD
2021-03-12 price VBMPX                             109.04 USD
2021-03-12 price RGAGX                              92.82 USD
2021-03-12 price ITOT                               86.07 USD
2021-03-12 price VEA                               185.72 USD
2021-03-12 price VHT                               168.51 USD
2021-03-12 price GLD                               134.96 USD
2021-03-19 price VBMPX                             107.57 USD
2021-03-19 price RGAGX                              94.08 USD
2021-03-19 price ITOT                               88.75 USD
2021-03-19 price VEA                               187.77 USD
2021-03-19 price VHT                               169.95 USD
2021-03-19 price GLD                               135.70 USD
2021-03-26 price VBMPX                             108.17 USD
2021-03-26 price RGAGX                              92.23 USD
2021-03-26 price ITOT                               89.46 USD
2021-03-26 price VEA                               188.63 USD
2021-03-26 price VHT                               170.75 USD
2021-03-26 price GLD                               135.75 USD
2021-04-02 price VBMPX                             108.80 USD
2021-04-02 price RGAGX                              90.72 USD
2021-04-02 price ITOT                               91.02 USD
2021-04-02 price VEA                               190.62 USD
2021-04-02 price VHT                               176.85 USD
2021-04-02 price GLD                               135.83 USD
2021-04-09 price VBMPX                             109.87 USD
2021-04-09 price RGAGX                              92.20 USD
2021-04-09 price ITOT                               91.17 USD
2021-04-09 price VEA                               191.33 USD
2021-04-09 price VHT                               179.51 USD
2021-04-09 price GLD                               135.59 USD
2021-04-16 price VBMPX                             110.20 USD
2021-04-16 price RGAGX                              93.40 USD
2021-04-16 price ITOT                               87.74 USD
2021-04-16 price VEA                               192.48 USD
2021-04-16 price VHT                               176.48 USD
2021-04-16 price GLD                               135.59 USD
2021-04-23 price VBMPX                             109.40 USD
2021-04-23 price RGAGX                              92.84 USD
2021-04-23 price ITOT                               88.83 USD
2021-04-23 price VEA                               194.70 USD
2021-04-23 price VHT                               181.23 USD
2021-04-23 price GLD                               135.68 USD
2021-04-30 price VBMPX                             109.52 USD
2021-04-30 price RGAGX                              91.37 USD
2021-04-30 price ITOT                               87.19 USD
2021-04-30 price VEA                               194.76 USD
2021-04-30 price VHT                               179.47 USD
2021-04-30 price GLD                               135.15 USD
2021-05-07 price VBMPX                             110.46 USD
2021-05-07 price RGAGX                              93.08 USD
2021-05-07 price ITOT                               86.01 USD
2021-05-07 price VEA                               194.45 USD
2021-05-07 price VHT                               176.07 USD
2021-05-07 price GLD                               133.93 USD
2021-05-14 price VBMPX                             111.58 USD
2021-05-14 price RGAGX                              94.99 USD
2021-05-14 price ITOT                               86.05 USD
2021-05-14 price VEA                               194.57 USD
2021-05-14 price VHT                               179.47 USD
2021-05-14 price GLD                               134.34 USD
2021-05-21 price VBMPX                             111.81 USD
2021-05-21 price RGAGX                              95.19 USD
2021-05-21 price ITOT                               86.52 USD
2021-05-21 price VEA                               196.48 USD
2021-05-21 price VHT                               180.76 USD
2021-05-21 price GLD                               135.07 USD
2021-05-28 price VBMPX                             111.73 USD
2021-05-28 price RGAGX                              93.58 USD
2021-05-28 price ITOT                               86.95 USD
2021-05-28 price VEA                               196.64 USD
2021-05-28 price VHT                               179.99 USD
2021-05-28 price GLD                               135.32 USD
2021-06-04 price VBMPX                             112.36 USD
2021-06-04 price RGAGX                              95.65 USD
2021-06-04 price ITOT                               87.59 USD
2021-06-04 price VEA                               197.45 USD
2021-06-04 price VHT                               179.98 USD
2021-06-04 price GLD                               132.99 USD
2021-06-11 price VBMPX                             112.76 USD
2021-06-11 price RGAGX                              95.89 USD
2021-06-11 price ITOT                               89.96 USD
2021-06-11 price VEA                               196.42 USD
2021-06-11 price VHT                               180.42 USD
2021-06-11 price GLD                               134.31 USD
2021-06-18 price VBMPX                             112.75 USD
2021-06-18 price RGAGX                              95.53 USD
2021-06-18 price ITOT                               90.13 USD
2021-06-18 price VEA                               195.83 USD
2021-06-18 price VHT                               178.87 USD
2021-06-18 price GLD                               134.94 USD
2021-06-25 price VBMPX                             112.24 USD
2021-06-25 price RGAGX                              94.88 USD
2021-06-25 price ITOT                               90.24 USD
2021-06-25 price VEA                               197.40 USD
2021-06-25 price VHT                               179.89 USD
2021-06-25 price GLD                               135.74 USD
2021-07-02 price VBMPX                             112.57 USD
2021-07-02 price RGAGX                              98.74 USD
2021-07-02 price ITOT                               89.29 USD
2021-07-02 price VEA                               198.55 USD
2021-07-02 price VHT                               175.87 USD
2021-07-02 price GLD                               133.00 USD
2021-07-09 price VBMPX                             112.96 USD
2021-07-09 price RGAGX                              98.92 USD
2021-07-09 price ITOT                               87.90 USD
2021-07-09 price VEA                               199.54 USD
2021-07-09 price VHT                               176.15 USD
2021-07-09 price GLD                               132.28 USD
2021-07-16 price VBMPX                             113.37 USD
2021-07-16 price RGAGX                              98.13 USD
2021-07-16 price ITOT                               87.79 USD
2021-07-16 price VEA                               200.38 USD
2021-07-16 price VHT                               179.50 USD
2021-07-16 price GLD                               134.03 USD
2021-07-23 price VBMPX                             113.70 USD
2021-07-23 price RGAGX                              97.05 USD
2021-07-23 price ITOT                               87.38 USD
2021-07-23 price VEA                               199.23 USD
2021-07-23 price VHT                               179.12 USD
2021-07-23 price GLD                               132.28 USD
2021-07-30 price VBMPX                             113.38 USD
2021-07-30 price RGAGX                              98.92 USD
2021-07-30 price ITOT                               87.47 USD
2021-07-30 price VEA                               202.33 USD
2021-07-30 price VHT                               181.60 USD
2021-07-30 price GLD                               132.90 USD
2021-08-06 price VBMPX                             113.99 USD
2021-08-06 price RGAGX                              99.26 USD
2021-08-06 price ITOT                               86.10 USD
2021-08-06 price VEA                               202.25 USD
2021-08-06 price VHT                               183.31 USD
2021-08-06 price GLD                               132.93 USD
2021-08-13 price VBMPX                             113.53 USD
2021-08-13 price RGAGX                              99.28 USD
2021-08-13 price ITOT                               85.97 USD
2021-08-13 price VEA                               200.32 USD
2021-08-13 price VHT                               182.71 USD
2021-08-13 price GLD                               131.77 USD
2021-08-20 price VBMPX                             114.60 USD
2021-08-20 price RGAGX                              99.28 USD
2021-08-20 price ITOT                               86.80 USD
2021-08-20 price VEA                               200.39 USD
2021-08-20 price VHT                               180.55 USD
2021-08-20 price GLD                               131.86 USD
2021-08-27 price VBMPX                             114.80 USD
2021-08-27 price RGAGX                             100.91 USD
2021-08-27 price ITOT                               86.54 USD
2021-08-27 price VEA                               202.26 USD
2021-08-27 price VHT                               181.37 USD
2021-08-27 price GLD                               131.82 USD
2021-09-03 price VBMPX                             115.84 USD
2021-09-03 price RGAGX                             102.28 USD
2021-09-03 price ITOT                               86.95 USD
2021-09-03 price VEA                               202.67 USD
2021-09-03 price VHT                               184.83 USD
2021-09-03 price GLD                               132.39 USD
2021-09-10 price VBMPX                             115.86 USD
2021-09-10 price RGAGX                             103.29 USD
2021-09-10 price ITOT                               86.83 USD
2021-09-10 price VEA                               204.04 USD
2021-09-10 price VHT                               184.19 USD
2021-09-10 price GLD                               132.57 USD
2021-09-17 price VBMPX                             115.64 USD
2021-09-17 price RGAGX                             104.57 USD
2021-09-17 price ITOT                               86.45 USD
2021-09-17 price VEA                               202.76 USD
2021-09-17 price VHT                               183.89 USD
2021-09-17 price GLD                               133.63 USD
2021-09-24 price VBMPX                             115.84 USD
2021-09-24 price RGAGX                             105.21 USD
2021-09-24 price ITOT                               84.29 USD
2021-09-24 price VEA                               201.71 USD
2021-09-24 price VHT                               185.94 USD
2021-09-24 price GLD                               133.11 USD
2021-10-01 price VBMPX                             115.21 USD
2021-10-01 price RGAGX                             104.59 USD
2021-10-01 price ITOT                               84.53 USD
2021-10-01 price VEA                               199.42 USD
2021-10-01 price VHT                               189.40 USD
2021-10-01 price GLD                               133.80 USD
2021-10-08 price VBMPX                             115.58 USD
2021-10-08 price RGAGX                             105.94 USD
2021-10-08 price ITOT                               83.46 USD
2021-10-08 price VEA                               200.38 USD
2021-10-08 price VHT                               190.31 USD
2021-10-08 price GLD                               132.93 USD
2021-10-15 price VBMPX                             114.98 USD
2021-10-15 price RGAGX                             105.57 USD
2021-10-15 price ITOT                               82.72 USD
2021-10-15 price VEA                               200.82 USD
2021-10-15 price VHT                               190.50 USD
2021-10-15 price GLD                               131.81 USD
2021-10-22 price VBMPX                             115.19 USD
2021-10-22 price RGAGX                             104.65 USD
2021-10-22 price ITOT                               83.44 USD
2021-10-22 price VEA                               204.62 USD
2021-10-22 price VHT                               195.24 USD
2021-10-22 price GLD                               131.85 USD
2021-10-29 price VBMPX                             114.99 USD
2021-10-29 price RGAGX                             105.47 USD
2021-10-29 price ITOT                               84.49 USD
2021-10-29 price VEA                               204.85 USD
2021-10-29 price VHT                               197.96 USD
2021-10-29 price GLD                               133.61 USD
2021-11-05 price VBMPX                             114.98 USD
2021-11-05 price RGAGX                             106.47 USD
2021-11-05 price ITOT                               84.01 USD
2021-11-05 price VEA                               206.85 USD
2021-11-05 price VHT                               192.99 USD
2021-11-05 price GLD                               132.15 USD
2021-11-12 price VBMPX                             116.20 USD
2021-11-12 price RGAGX                             107.58 USD
2021-11-12 price ITOT                               84.28 USD
2021-11-12 price VEA                               207.73 USD
2021-11-12 price VHT                               194.56 USD
2021-11-12 price GLD                               131.55 USD
2021-11-19 price VBMPX                             116.45 USD
2021-11-19 price RGAGX                             105.85 USD
2021-11-19 price ITOT                               84.27 USD
2021-11-19 price VEA                               207.53 USD
2021-11-19 price VHT                               195.52 USD
2021-11-19 price GLD                               131.92 USD
2021-11-26 price VBMPX                             116.72 USD
2021-11-26 price RGAGX                             105.93 USD
2021-11-26 price ITOT                               84.34 USD
2021-11-26 price VEA                               210.04 USD
2021-11-26 price VHT                               199.16 USD
2021-11-26 price GLD                               131.21 USD
2021-12-03 price VBMPX                             117.71 USD
2021-12-03 price RGAGX                             107.05 USD
2021-12-03 price ITOT                               84.46 USD
2021-12-03 price VEA                               211.81 USD
2021-12-03 price VHT                               201.90 USD
2021-12-03 price GLD                               132.29 USD
2021-12-10 price VBMPX                             117.75 USD
2021-12-10 price RGAGX                             107.77 USD
2021-12-10 price ITOT                               82.88 USD
2021-12-10 price VEA                               211.65 USD
2021-12-10 price VHT                               204.22 USD
2021-12-10 price GLD                               133.25 USD
2021-12-17 price VBMPX                             117.48 USD
2021-12-17 price RGAGX                             108.08 USD
2021-12-17 price ITOT                               83.40 USD
2021-12-17 price VEA                               208.84 USD
2021-12-17 price VHT                               205.68 USD
2021-12-17 price GLD                               130.44 USD
2021-12-24 price VBMPX                             118.20 USD
2021-12-24 price RGAGX                             107.11 USD
2021-12-24 price ITOT                               80.43 USD
2021-12-24 price VEA                               207.76 USD
2021-12-24 price VHT                               204.30 USD
2021-12-24 price GLD                               133.14 USD
2021-12-31 price VBMPX                             117.62 USD
2021-12-31 price RGAGX                             106.26 USD
2021-12-31 price ITOT                               80.66 USD
2021-12-31 price VEA                               206.80 USD
2021-12-31 price VHT                               203.26 USD
2021-12-31 price GLD                               132.87 USD
2022-01-07 price VBMPX                             117.85 USD
2022-01-07 price RGAGX                             106.62 USD
2022-01-07 price ITOT                               80.73 USD
2022-01-07 price VEA                               209.59 USD
2022-01-07 price VHT                               207.28 USD
2022-01-07 price GLD                               134.33 USD
2022-01-14 price VBMPX                             118.82 USD
2022-01-14 price RGAGX                             104.69 USD
2022-01-14 price ITOT                               81.67 USD
2022-01-14 price VEA                               211.67 USD
2022-01-14 price VHT                               208.39 USD
2022-01-14 price GLD                               134.37 USD
2022-01-21 price VBMPX                             119.43 USD
2022-01-21 price RGAGX                             103.36 USD
2022-01-21 price ITOT                               80.67 USD
2022-01-21 price VEA                               213.44 USD
2022-01-21 price VHT                               213.27 USD
2022-01-21 price GLD                               133.97 USD
2022-01-28 price VBMPX                             120.22 USD
2022-01-28 price RGAGX                             106.52 USD
2022-01-28 price ITOT                               80.48 USD
2022-01-28 price VEA                               213.68 USD
2022-01-28 price VHT                               216.31 USD
2022-01-28 price GLD                               133.26 USD
2022-02-04 price VBMPX                             119.83 USD
2022-02-04 price RGAGX                             106.89 USD
2022-02-04 price ITOT                               81.30 USD
2022-02-04 price VEA                               213.65 USD
2022-02-04 price VHT                               216.23 USD
2022-02-04 price GLD                               135.42 USD
2022-02-11 price VBMPX                             118.57 USD
2022-02-11 price RGAGX                             106.47 USD
2022-02-11 price ITOT                               80.72 USD
2022-02-11 price VEA                               215.97 USD
2022-02-11 price VHT                               214.99 USD
2022-02-11 price GLD                               135.90 USD
2022-02-18 price VBMPX                             118.58 USD
2022-02-18 price RGAGX                             105.29 USD
2022-02-18 price ITOT                               79.78 USD
2022-02-18 price VEA                               214.94 USD
2022-02-18 price VHT                               216.75 USD
2022-02-18 price GLD                               136.67 USD
2022-02-25 price VBMPX                             118.54 USD
2022-02-25 price RGAGX                             105.16 USD
2022-02-25 price ITOT                               77.40 USD
2022-02-25 price VEA                               217.18 USD
2022-02-25 price VHT                               215.39 USD
2022-02-25 price GLD                               136.51 USD
2022-03-04 price VBMPX                             117.75 USD
2022-03-04 price RGAGX                             105.36 USD
2022-03-04 price ITOT                               78.72 USD
2022-03-04 price VEA                               218.62 USD
2022-03-04 price VHT                               213.82 USD
2022-03-04 price GLD                               137.98 USD
2022-03-11 price VBMPX                             117.78 USD
2022-03-11 price RGAGX                             104.44 USD
2022-03-11 price ITOT                               78.41 USD
2022-03-11 price VEA                               221.44 USD
2022-03-11 price VHT                               212.02 USD
2022-03-11 price GLD                               137.51 USD
2022-03-18 price VBMPX                             117.43 USD
2022-03-18 price RGAGX                             105.54 USD
2022-03-18 price ITOT                               76.83 USD
2022-03-18 price VEA                               222.79 USD
2022-03-18 price VHT                               209.18 USD
2022-03-18 price GLD                               139.82 USD
2022-03-25 price VBMPX                             117.96 USD
2022-03-25 price RGAGX                             106.29 USD
2022-03-25 price ITOT                               77.55 USD
2022-03-25 price VEA                               224.01 USD
2022-03-25 price VHT                               207.43 USD
2022-03-25 price GLD                               140.90 USD
2022-04-01 price VBMPX                             118.58 USD
2022-04-01 price RGAGX                             106.61 USD
2022-04-01 price ITOT                               77.49 USD
2022-04-01 price VEA                               224.73 USD
2022-04-01 price VHT                               205.72 USD
2022-04-01 price GLD                               139.76 USD
2022-04-08 price VBMPX                             119.28 USD
2022-04-08 price RGAGX                             105.82 USD
2022-04-08 price ITOT                               78.37 USD
2022-04-08 price VEA                               225.56 USD
2022-04-08 price VHT                               207.90 USD
2022-04-08 price GLD                               139.80 USD
2022-04-15 price VBMPX                             120.02 USD
2022-04-15 price RGAGX                             104.50 USD
2022-04-15 price ITOT                               76.90 USD
2022-04-15 price VEA                               223.93 USD
2022-04-15 price VHT                               209.21 USD
2022-04-15 price GLD                               138.97 USD
2022-04-22 price VBMPX                             122.05 USD
2022-04-22 price RGAGX                             104.55 USD
2022-04-22 price ITOT                               77.78 USD
2022-04-22 price VEA                               224.18 USD
2022-04-22 price VHT                               210.80 USD
2022-04-22 price GLD                               140.15 USD
2022-04-29 price VBMPX                             122.81 USD
2022-04-29 price RGAGX                             102.31 USD
2022-04-29 price ITOT                               78.90 USD
2022-04-29 price VEA                               224.29 USD
2022-04-29 price VHT                               210.47 USD
2022-04-29 price GLD                               140.37 USD
2022-05-06 price VBMPX                             122.31 USD
2022-05-06 price RGAGX                             101.73 USD
2022-05-06 price ITOT                               78.67 USD
2022-05-06 price VEA                               226.42 USD
2022-05-06 price VHT                               209.86 USD
2022-05-06 price GLD                               138.65 USD
2022-05-13 price VBMPX                             122.81 USD
2022-05-13 price RGAGX                             101.06 USD
2022-05-13 price ITOT                               80.87 USD
2022-05-13 price VEA                               228.34 USD
2022-05-13 price VHT                               210.65 USD
2022-05-13 price GLD                               137.35 USD
2022-05-20 price VBMPX                             121.54 USD
2022-05-20 price RGAGX                             102.71 USD
2022-05-20 price ITOT                               82.10 USD
2022-05-20 price VEA                               228.75 USD
2022-05-20 price VHT                               207.55 USD
2022-05-20 price GLD                               137.79 USD
2022-05-27 price VBMPX                             120.57 USD
2022-05-27 price RGAGX                             102.17 USD
2022-05-27 price ITOT                               79.81 USD
2022-05-27 price VEA                               227.85 USD
2022-05-27 price VHT                               211.29 USD
2022-05-27 price GLD                               139.64 USD
2022-06-03 price VBMPX                             120.93 USD
2022-06-03 price RGAGX                             101.85 USD
2022-06-03 price ITOT                               81.34 USD
2022-06-03 price VEA                               228.19 USD
2022-06-03 price VHT                               210.91 USD
2022-06-03 price GLD                               140.82 USD
2022-06-10 price VBMPX                             121.33 USD
2022-06-10 price RGAGX                             101.61 USD
2022-06-10 price ITOT                               81.47 USD
2022-06-10 price VEA                               228.60 USD
2022-06-10 price VHT                               210.48 USD
2022-06-10 price GLD                               142.35 USD
2022-06-17 price VBMPX                             121.00 USD
2022-06-17 price RGAGX                             103.54 USD
2022-06-17 price ITOT                               82.16 USD
2022-06-17 price VEA                               228.54 USD
2022-06-17 price VHT                               207.92 USD
2022-06-17 price GLD                               142.55 USD
2022-06-24 price VBMPX                             121.06 USD
2022-06-24 price RGAGX                             103.68 USD
2022-06-24 price ITOT                               82.79 USD
2022-06-24 price VEA                               230.28 USD
2022-06-24 price VHT                               211.10 USD
2022-06-24 price GLD                               143.17 USD
2022-07-01 price VBMPX                             122.26 USD
2022-07-01 price RGAGX                             103.87 USD
2022-07-01 price ITOT                               83.19 USD
2022-07-01 price VEA                               232.68 USD
2022-07-01 price VHT                               213.22 USD
2022-07-01 price GLD                               142.52 USD
2022-07-08 price VBMPX                             122.47 USD
2022-07-08 price RGAGX                             107.27 USD
2022-07-08 price ITOT                               83.12 USD
2022-07-08 price VEA                               233.14 USD
2022-07-08 price VHT                               211.31 USD
2022-07-08 price GLD                               142.40 USD
2022-07-15 price VBMPX                             122.20 USD
2022-07-15 price RGAGX                             105.90 USD
2022-07-15 price ITOT                               81.73 USD
2022-07-15 price VEA                               233.24 USD
2022-07-15 price VHT                               210.84 USD
2022-07-15 price GLD                               143.31 USD
2022-07-22 price VBMPX                             122.36 USD
2022-07-22 price RGAGX                             107.11 USD
2022-07-22 price ITOT                               80.65 USD
2022-07-22 price VEA                               234.58 USD
2022-07-22 price VHT                               211.53 USD
2022-07-22 price GLD                               142.96 USD
2022-07-29 price VBMPX                             121.82 USD
2022-07-29 price RGAGX                             107.71 USD
2022-07-29 price ITOT                               78.72 USD
2022-07-29 price VEA                               232.96 USD
2022-07-29 price VHT                               210.35 USD
2022-07-29 price GLD                               144.12 USD
2022-08-05 price VBMPX                             121.64 USD
2022-08-05 price RGAGX                             110.68 USD
2022-08-05 price ITOT                               79.23 USD
2022-08-05 price VEA                               232.76 USD
2022-08-05 price VHT                               210.42 USD
2022-08-05 price GLD                               144.35 USD
2022-08-12 price VBMPX                             121.95 USD
2022-08-12 price RGAGX                             110.45 USD
2022-08-12 price ITOT                               80.18 USD
2022-08-12 price VEA                               231.59 USD
2022-08-12 price VHT                               211.91 USD
2022-08-12 price GLD                               145.18 USD
2022-08-19 price VBMPX                             122.46 USD
2022-08-19 price RGAGX                             109.06 USD
2022-08-19 price ITOT                               79.08 USD
2022-08-19 price VEA                               230.06 USD
2022-08-19 price VHT                               212.58 USD
2022-08-19 price GLD                               147.09 USD
2022-08-26 price VBMPX                             122.72 USD
2022-08-26 price RGAGX                             112.01 USD
2022-08-26 price ITOT                               80.51 USD
2022-08-26 price VEA                               229.79 USD
2022-08-26 price VHT                               214.90 USD
2022-08-26 price GLD                               147.41 USD
2022-09-02 price VBMPX                             122.82 USD
2022-09-02 price RGAGX                             112.24 USD
2022-09-02 price ITOT                               81.08 USD
2022-09-02 price VEA                               231.78 USD
2022-09-02 price VHT                               218.53 USD
2022-09-02 price GLD                               145.96 USD
2022-09-09 price VBMPX                             122.92 USD
2022-09-09 price RGAGX                             111.43 USD
2022-09-09 price ITOT                               81.56 USD
2022-09-09 price VEA                               231.25 USD
2022-09-09 price VHT                               216.79 USD
2022-09-09 price GLD                               145.92 USD
2022-09-16 price VBMPX                             123.55 USD
2022-09-16 price RGAGX                             111.55 USD
2022-09-16 price ITOT                               83.96 USD
2022-09-16 price VEA                               234.35 USD
2022-09-16 price VHT                               219.60 USD
2022-09-16 price GLD                               146.07 USD
2022-09-23 price VBMPX                             123.27 USD
2022-09-23 price RGAGX                             109.87 USD
2022-09-23 price ITOT                               82.92 USD
2022-09-23 price VEA                               235.84 USD
2022-09-23 price VHT                               218.80 USD
2022-09-23 price GLD                               144.95 USD
2022-09-30 price VBMPX                             123.26 USD
2022-09-30 price RGAGX                             110.38 USD
2022-09-30 price ITOT                               83.76 USD
2022-09-30 price VEA                               234.94 USD
2022-09-30 price VHT                               220.61 USD
2022-09-30 price GLD                               144.39 USD
2022-10-07 price VBMPX                             122.89 USD
2022-10-07 price RGAGX                             112.16 USD
2022-10-07 price ITOT                               84.36 USD
2022-10-07 price VEA                               232.20 USD
2022-10-07 price VHT                               221.31 USD
2022-10-07 price GLD                               143.96 USD
2022-10-14 price VBMPX                             123.32 USD
2022-10-14 price RGAGX                             108.92 USD
2022-10-14 price ITOT                               85.05 USD
2022-10-14 price VEA                               233.23 USD
2022-10-14 price VHT                               215.89 USD
2022-10-14 price GLD                               143.47 USD
2022-10-21 price VBMPX                             123.82 USD
2022-10-21 price RGAGX                             110.76 USD
2022-10-21 price ITOT                               85.53 USD
2022-10-21 price VEA                               233.84 USD
2022-10-21 price VHT                               210.34 USD
2022-10-21 price GLD                               141.50 USD
2022-10-28 price VBMPX                             124.69 USD
2022-10-28 price RGAGX                             112.55 USD
2022-10-28 price ITOT                               85.39 USD
2022-10-28 price VEA                               233.52 USD
2022-10-28 price VHT                               212.44 USD
2022-10-28 price GLD                               141.35 USD
2022-11-04 price VBMPX                             123.99 USD
2022-11-04 price RGAGX                             114.49 USD
2022-11-04 price ITOT                               86.63 USD
2022-11-04 price VEA                               238.90 USD
2022-11-04 price VHT                               210.60 USD
2022-11-04 price GLD                               142.83 USD
2022-11-11 price VBMPX                             124.70 USD
2022-11-11 price RGAGX                             113.32 USD
2022-11-11 price ITOT                               85.09 USD
2022-11-11 price VEA                               237.93 USD
2022-11-11 price VHT                               209.39 USD
2022-11-11 price GLD                               141.75 USD
2022-11-18 price VBMPX                             124.88 USD
2022-11-18 price RGAGX                             114.72 USD
2022-11-18 price ITOT                               84.59 USD
2022-11-18 price VEA                               237.05 USD
2022-11-18 price VHT                               205.95 USD
2022-11-18 price GLD                               140.47 USD
2022-11-25 price VBMPX                             124.80 USD
2022-11-25 price RGAGX                             115.61 USD
2022-11-25 price ITOT                               84.61 USD
2022-11-25 price VEA                               237.13 USD
2022-11-25 price VHT                               205.43 USD
2022-11-25 price GLD                               143.48 USD
2022-12-02 price VBMPX                             124.64 USD
2022-12-02 price RGAGX                             120.65 USD
2022-12-02 price ITOT                               85.39 USD
2022-12-02 price VEA                               236.94 USD
2022-12-02 price VHT                               203.72 USD
2022-12-02 price GLD                               141.38 USD
2022-12-09 price VBMPX                             126.41 USD
2022-12-09 price RGAGX                             119.27 USD
2022-12-09 price ITOT                               83.68 USD
2022-12-09 price VEA                               236.81 USD
2022-12-09 price VHT                               207.20 USD
2022-12-09 price GLD                               142.03 USD
2022-12-16 price VBMPX                             126.39 USD
2022-12-16 price RGAGX                             121.91 USD
2022-12-16 price ITOT                               82.59 USD
2022-12-16 price VEA                               237.04 USD
2022-12-16 price VHT                               213.49 USD
2022-12-16 price GLD                               142.71 USD
2022-12-23 price VBMPX                             127.36 USD
2022-12-23 price RGAGX                             122.49 USD
2022-12-23 price ITOT                               84.65 USD
2022-12-23 price VEA                               236.84 USD
2022-12-23 price VHT                               215.84 USD
2022-12-23 price GLD                               141.16 USD
2022-12-30 price VBMPX                             126.47 USD
2022-12-30 price RGAGX                             121.95 USD
2022-12-30 price ITOT                               84.18 USD
2022-12-30 price VEA                               236.55 USD
2022-12-30 price VHT                               218.02 USD
2022-12-30 price GLD                               141.87 USD
2023-01-06 price VBMPX                             125.21 USD
2023-01-06 price RGAGX                             121.33 USD
2023-01-06 price ITOT                               87.18 USD
2023-01-06 price VEA                               237.50 USD
2023-01-06 price VHT                               218.14 USD
2023-01-06 price GLD                               142.53 USD
2023-01-13 price VBMPX                             124.74 USD
2023-01-13 price RGAGX                             121.28 USD
2023-01-13 price ITOT                               86.17 USD
2023-01-13 price VEA                               235.89 USD
2023-01-13 price VHT                               219.92 USD
2023-01-13 price GLD                               142.78 USD
2023-01-20 price VBMPX                             125.32 USD
2023-01-20 price RGAGX                             122.78 USD
2023-01-20 price ITOT                               84.66 USD
2023-01-20 price VEA                               235.48 USD
2023-01-20 price VHT                               221.67 USD
2023-01-20 price GLD                               143.78 USD
2023-01-27 price VBMPX                             125.83 USD
2023-01-27 price RGAGX                             122.19 USD
2023-01-27 price ITOT                               86.02 USD
2023-01-27 price VEA                               235.62 USD
2023-01-27 price VHT                               221.63 USD
2023-01-27 price GLD                               145.24 USD
2023-02-03 price VBMPX                             126.26 USD
2023-02-03 price RGAGX                             120.78 USD
2023-02-03 price ITOT                               87.66 USD
2023-02-03 price VEA                               236.24 USD
2023-02-03 price VHT                               221.40 USD
2023-02-03 price GLD                               146.26 USD
2023-02-10 price VBMPX                             125.46 USD
2023-02-10 price RGAGX                             118.63 USD
2023-02-10 price ITOT                               86.35 USD
2023-02-10 price VEA                               236.04 USD
2023-02-10 price VHT                               217.52 USD
2023-02-10 price GLD                               146.50 USD
2023-02-17 price VBMPX                             125.89 USD
2023-02-17 price RGAGX                             117.74 USD
2023-02-17 price ITOT                               84.43 USD
2023-02-17 price VEA                               236.50 USD
2023-02-17 price VHT                               217.92 USD
2023-02-17 price GLD                               147.51 USD
2023-02-24 price VBMPX                             125.52 USD
2023-02-24 price RGAGX                             115.80 USD
2023-02-24 price ITOT                               83.81 USD
2023-02-24 price VEA                               242.10 USD
2023-02-24 price VHT                               215.65 USD
2023-02-24 price GLD                               146.29 USD
2023-03-03 price VBMPX                             126.01 USD
2023-03-03 price RGAGX                             115.29 USD
2023-03-03 price ITOT                               86.42 USD
2023-03-03 price VEA                               241.50 USD
2023-03-03 price VHT                               213.96 USD
2023-03-03 price GLD                               146.32 USD
2023-03-10 price VBMPX                             126.02 USD
2023-03-10 price RGAGX                             114.07 USD
2023-03-10 price ITOT                               88.12 USD
2023-03-10 price VEA                               243.22 USD
2023-03-10 price VHT                               214.77 USD
2023-03-10 price GLD                               145.98 USD
2023-03-17 price VBMPX                             127.83 USD
2023-03-17 price RGAGX                             118.95 USD
2023-03-17 price ITOT                               89.05 USD
2023-03-17 price VEA                               244.57 USD
2023-03-17 price VHT                               212.99 USD
2023-03-17 price GLD                               147.19 USD
2023-03-24 price VBMPX                             128.19 USD
2023-03-24 price RGAGX                             122.14 USD
2023-03-24 price ITOT                               88.00 USD
2023-03-24 price VEA                               244.84 USD
2023-03-24 price VHT                               214.71 USD
2023-03-24 price GLD                               147.90 USD
2023-03-31 price VBMPX                             128.43 USD
2023-03-31 price RGAGX                             124.19 USD
2023-03-31 price ITOT                               88.42 USD
2023-03-31 price VEA                               244.59 USD
2023-03-31 price VHT                               214.56 USD
2023-03-31 price GLD                               148.88 USD
2023-04-07 price VBMPX                             128.24 USD
2023-04-07 price RGAGX                             123.33 USD
2023-04-07 price ITOT                               86.28 USD
2023-04-07 price VEA                               246.19 USD
2023-04-07 price VHT                               215.16 USD
2023-04-07 price GLD                               148.56 USD



* Cash

